<?xml version="1.0" encoding="UTF-8"?>
<!DOCTYPE html PUBLIC "-//W3C//DTD XHTML 1.0 Transitional//EN"
    "http://www.w3.org/TR/xhtml1/DTD/xhtml1-transitional.dtd">
<html xmlns="http://www.w3.org/1999/xhtml" xml:lang="en" lang="en">
 <head>
  <title>
</title>
<meta http-equiv="Content-Type" content="text/html;charset=utf-8" />
  <meta name='ocr-system' content='tesseract 3.04.00' />
  <meta name='ocr-capabilities' content='ocr_page ocr_carea ocr_par ocr_line ocrx_word'/>
</head>
<body>
  <div class='ocr_page' id='page_1' title='image "./epigrammatonlib00schngoog_0313.png"; bbox 0 0 2370 3840; ppageno 0'>
   <div class='ocr_carea' id='block_1_1' title="bbox 102 3481 181 3626">
    <p class='ocr_par' dir='ltr' id='par_1_1' title="bbox 102 3481 181 3626">
     <span class='ocr_line' id='line_1_1' title="bbox 102 3481 181 3626; baseline 0 -39"><span class='ocrx_word' id='word_1_1' title='bbox 102 3481 181 3626; x_wconf 54' lang='lat' dir='ltr'>Q</span> 
     </span>
    </p>
   </div>
   <div class='ocr_carea' id='block_1_2' title="bbox 457 198 851 262">
    <p class='ocr_par' dir='ltr' id='par_1_2' title="bbox 457 198 851 262">
     <span class='ocr_line' id='line_1_2' title="bbox 457 198 851 262; baseline -0.008 0"><span class='ocrx_word' id='word_1_2' title='bbox 457 200 501 262; x_wconf 91' lang='lat' dir='ltr'><strong>M.</strong></span> <span class='ocrx_word' id='word_1_3' title='bbox 518 199 610 262; x_wconf 86' lang='lat' dir='ltr'><strong>VAL.</strong></span> <span class='ocrx_word' id='word_1_4' title='bbox 626 198 851 260; x_wconf 80' lang='lat' dir='ltr'><strong>MARTIALIS</strong></span> 
     </span>
    </p>
   </div>
   <div class='ocr_carea' id='block_1_3' title="bbox 632 401 681 463">
    <p class='ocr_par' dir='ltr' id='par_1_3' title="bbox 632 401 681 463">
     <span class='ocr_line' id='line_1_3' title="bbox 632 401 681 463; baseline 0.082 -5"><span class='ocrx_word' id='word_1_5' title='bbox 632 401 681 463; x_wconf 91' lang='lat'>111.</span> 
     </span>
    </p>
   </div>
   <div class='ocr_carea' id='block_1_4' title="bbox 196 512 1088 1177">
    <p class='ocr_par' dir='ltr' id='par_1_4' title="bbox 219 512 982 592">
     <span class='ocr_line' id='line_1_4' title="bbox 219 512 982 592; baseline 0 -18"><span class='ocrx_word' id='word_1_6' title='bbox 219 513 325 574; x_wconf 82' lang='lat' dir='ltr'><strong>Omnis</strong></span> <span class='ocrx_word' id='word_1_7' title='bbox 340 515 372 572; x_wconf 90' lang='lat' dir='ltr'><strong>iu</strong></span> <span class='ocrx_word' id='word_1_8' title='bbox 388 512 448 573; x_wconf 83' lang='lat' dir='ltr'><strong>hoe</strong></span> <span class='ocrx_word' id='word_1_9' title='bbox 463 513 570 592; x_wconf 79' lang='lat' dir='ltr'>gracili</span> <span class='ocrx_word' id='word_1_10' title='bbox 584 514 755 576; x_wconf 80' lang='lat' dir='ltr'><strong>Xauroauur</strong></span> <span class='ocrx_word' id='word_1_11' title='bbox 771 515 860 575; x_wconf 91' lang='lat' dir='ltr'><strong>turba</strong></span> <span class='ocrx_word' id='word_1_12' title='bbox 873 513 982 574; x_wconf 89' lang='lat' dir='ltr'><strong>libello</strong></span> 
     </span>
    </p>

    <p class='ocr_par' dir='ltr' id='par_1_5' title="bbox 220 596 1053 761">
     <span class='ocr_line' id='line_1_5' title="bbox 261 596 928 678; baseline 0.006 -23"><span class='ocrx_word' id='word_1_13' title='bbox 261 596 424 656; x_wconf 83' lang='lat' dir='ltr'><strong>Constabit</strong></span> <span class='ocrx_word' id='word_1_14' title='bbox 437 598 569 657; x_wconf 88' lang='lat' dir='ltr'><strong>nummis</strong></span> <span class='ocrx_word' id='word_1_15' title='bbox 584 605 730 677; x_wconf 86' lang='lat' dir='ltr'><strong>quattuor</strong></span> <span class='ocrx_word' id='word_1_16' title='bbox 744 604 847 678; x_wconf 89' lang='lat' dir='ltr'><strong>empta</strong></span> <span class='ocrx_word' id='word_1_17' title='bbox 859 599 928 660; x_wconf 89' lang='lat' dir='ltr'><strong>tibi.</strong></span> 
     </span>
     <span class='ocr_line' id='line_1_6' title="bbox 220 681 1053 761; baseline 0.005 -23"><span class='ocrx_word' id='word_1_18' title='bbox 220 681 372 756; x_wconf 77' lang='lat' dir='ltr'><strong>Quattuor</strong></span> <span class='ocrx_word' id='word_1_19' title='bbox 389 683 438 740; x_wconf 85' lang='lat' dir='ltr'><strong>est</strong></span> <span class='ocrx_word' id='word_1_20' title='bbox 452 682 600 740; x_wconf 74' lang='lat' dir='ltr'><strong>niqumi</strong></span> <span class='ocrx_word' id='word_1_21' title='bbox 621 684 740 761; x_wconf 86' lang='lat' dir='ltr'><strong>poterit</strong></span> <span class='ocrx_word' id='word_1_22' title='bbox 757 689 898 742; x_wconf 78' lang='lat' dir='ltr'>constare</span> <span class='ocrx_word' id='word_1_23' title='bbox 914 681 1053 761; x_wconf 85' lang='lat' dir='ltr'><strong>duobus,</strong></span> 
     </span>
    </p>

    <p class='ocr_par' dir='ltr' id='par_1_6' title="bbox 259 761 900 845">
     <span class='ocr_line' id='line_1_7' title="bbox 259 761 900 845; baseline 0 -22"><span class='ocrx_word' id='word_1_24' title='bbox 259 764 300 823; x_wconf 75' lang='lat' dir='ltr'><strong>Et</strong></span> <span class='ocrx_word' id='word_1_25' title='bbox 314 764 410 823; x_wconf 85' lang='lat' dir='ltr'><strong>faciet</strong></span> <span class='ocrx_word' id='word_1_26' title='bbox 422 761 544 823; x_wconf 87' lang='lat' dir='ltr'><strong>lucrum</strong></span> <span class='ocrx_word' id='word_1_27' title='bbox 557 764 726 845; x_wconf 80' lang='lat' dir='ltr'><strong>bibliopola</strong></span> <span class='ocrx_word' id='word_1_28' title='bbox 740 766 900 845; x_wconf 85' lang='lat' dir='ltr'><strong>Tryphon.</strong></span> 
     </span>
    </p>

    <p class='ocr_par' dir='ltr' id='par_1_7' title="bbox 196 845 1088 1010">
     <span class='ocr_line' id='line_1_8' title="bbox 196 845 1088 928; baseline 0.004 -22"><span class='ocrx_word' id='word_1_29' title='bbox 196 848 306 916; x_wconf 78' lang='lat' dir='ltr'><strong>5Haec</strong></span> <span class='ocrx_word' id='word_1_30' title='bbox 320 845 397 907; x_wconf 86' lang='lat' dir='ltr'><strong>licet</strong></span> <span class='ocrx_word' id='word_1_31' title='bbox 411 848 585 926; x_wconf 81' lang='lat' dir='ltr'><strong>hospitibus</strong></span> <span class='ocrx_word' id='word_1_32' title='bbox 598 868 656 928; x_wconf 91' lang='lat' dir='ltr'><strong>pro</strong></span> <span class='ocrx_word' id='word_1_33' title='bbox 671 867 800 909; x_wconf 89' lang='lat' dir='ltr'><strong>munere</strong></span> <span class='ocrx_word' id='word_1_34' title='bbox 817 848 949 908; x_wconf 75' lang='lat' dir='ltr'><strong>disticha</strong></span> <span class='ocrx_word' id='word_1_35' title='bbox 963 851 1088 928; x_wconf 86' lang='lat' dir='ltr'><strong>mittas,</strong></span> 
     </span>
     <span class='ocr_line' id='line_1_9' title="bbox 262 931 1039 1010; baseline 0.004 -20"><span class='ocrx_word' id='word_1_36' title='bbox 262 931 296 990; x_wconf 90' lang='lat' dir='ltr'><strong>Si</strong></span> <span class='ocrx_word' id='word_1_37' title='bbox 310 932 369 990; x_wconf 90' lang='lat' dir='ltr'><strong>tibi</strong></span> <span class='ocrx_word' id='word_1_38' title='bbox 385 935 447 990; x_wconf 84' lang='lat' dir='ltr'><strong>tam&#39;</strong></span> <span class='ocrx_word' id='word_1_39' title='bbox 462 950 566 1008; x_wconf 83' lang='lat' dir='ltr'><strong>rarus,</strong></span> <span class='ocrx_word' id='word_1_40' title='bbox 593 952 683 1010; x_wconf 84' lang='lat' dir='ltr'><strong>quam</strong></span> <span class='ocrx_word' id='word_1_41' title='bbox 698 933 789 1010; x_wconf 87' lang='lat' dir='ltr'><strong>mihi,</strong></span> <span class='ocrx_word' id='word_1_42' title='bbox 813 952 951 992; x_wconf 91' lang='lat' dir='ltr'><strong>nummus</strong></span> <span class='ocrx_word' id='word_1_43' title='bbox 967 935 1039 994; x_wconf 88' lang='lat' dir='ltr'><strong>erit.</strong></span> 
     </span>
    </p>

    <p class='ocr_par' dir='ltr' id='par_1_8' title="bbox 218 1011 1031 1177">
     <span class='ocr_line' id='line_1_10' title="bbox 218 1011 1010 1094; baseline 0 -20"><span class='ocrx_word' id='word_1_44' title='bbox 218 1013 337 1074; x_wconf 85' lang='lat' dir='ltr'><strong>Addita</strong></span> <span class='ocrx_word' id='word_1_45' title='bbox 349 1032 407 1094; x_wconf 89' lang='lat' dir='ltr'><strong>per</strong></span> <span class='ocrx_word' id='word_1_46' title='bbox 422 1011 531 1074; x_wconf 89' lang='lat' dir='ltr'><strong>titulos</strong></span> <span class='ocrx_word' id='word_1_47' title='bbox 550 1033 605 1074; x_wconf 83' lang='lat' dir='ltr'><strong>sua</strong></span> <span class='ocrx_word' id='word_1_48' title='bbox 619 1017 742 1074; x_wconf 87' lang='lat' dir='ltr'><strong>uomina</strong></span> <span class='ocrx_word' id='word_1_49' title='bbox 756 1017 850 1076; x_wconf 89' lang='lat' dir='ltr'><strong>rebus</strong></span> <span class='ocrx_word' id='word_1_50' title='bbox 864 1017 1010 1076; x_wconf 79' lang='lat' dir='ltr'><strong>habebis:</strong></span> 
     </span>
     <span class='ocr_line' id='line_1_11' title="bbox 258 1096 1031 1177; baseline 0.005 -21"><span class='ocrx_word' id='word_1_51' title='bbox 258 1098 460 1177; x_wconf 83' lang='lat' dir='ltr'><strong>Praeteroas,</strong></span> <span class='ocrx_word' id='word_1_52' title='bbox 484 1099 510 1158; x_wconf 91' lang='lat' dir='ltr'><strong>si</strong></span> <span class='ocrx_word' id='word_1_53' title='bbox 525 1096 599 1176; x_wconf 68' lang='lat' dir='ltr'><strong>«fuid</strong></span> <span class='ocrx_word' id='word_1_54' title='bbox 612 1118 675 1158; x_wconf 89' lang='lat' dir='ltr'><strong>non</strong></span> <span class='ocrx_word' id='word_1_55' title='bbox 688 1099 765 1159; x_wconf 85' lang='lat' dir='ltr'><strong>facit</strong></span> <span class='ocrx_word' id='word_1_56' title='bbox 779 1097 818 1158; x_wconf 87' lang='lat' dir='ltr'><strong>ad</strong></span> <span class='ocrx_word' id='word_1_57' title='bbox 833 1101 1031 1160; x_wconf 84' lang='lat' dir='ltr'><strong>stomachum.</strong></span> 
     </span>
    </p>
   </div>
   <div class='ocr_carea' id='block_1_5' title="bbox 574 1243 733 1305">
    <p class='ocr_par' dir='ltr' id='par_1_9' title="bbox 574 1243 733 1305">
     <span class='ocr_line' id='line_1_12' title="bbox 574 1243 733 1305; baseline 0.006 -2"><span class='ocrx_word' id='word_1_58' title='bbox 574 1245 630 1305; x_wconf 71' lang='lat' dir='ltr'><strong>—lV.</strong></span> <span class='ocrx_word' id='word_1_59' title='bbox 660 1243 733 1304; x_wconf 72' lang='lat' dir='ltr'><strong>Tua.</strong></span> 
     </span>
    </p>
   </div>
   <div class='ocr_carea' id='block_1_6' title="bbox 219 1356 1004 1523">
    <p class='ocr_par' dir='ltr' id='par_1_10' title="bbox 219 1356 1004 1523">
     <span class='ocr_line' id='line_1_13' title="bbox 219 1356 1004 1436; baseline 0.003 -19"><span class='ocrx_word' id='word_1_60' title='bbox 219 1357 314 1419; x_wconf 86' lang='lat' dir='ltr'><strong>Serus</strong></span> <span class='ocrx_word' id='word_1_61' title='bbox 327 1363 363 1417; x_wconf 89' lang='lat' dir='ltr'><strong>ut</strong></span> <span class='ocrx_word' id='word_1_62' title='bbox 377 1358 534 1418; x_wconf 84' lang='lat' dir='ltr'><strong>aetheriae</strong></span> <span class='ocrx_word' id='word_1_63' title='bbox 550 1356 753 1418; x_wconf 74' lang='lat' dir='ltr'><strong>Germanicus</strong></span> <span class='ocrx_word' id='word_1_64' title='bbox 767 1359 901 1436; x_wconf 85' lang='lat' dir='ltr'><strong>imperet</strong></span> <span class='ocrx_word' id='word_1_65' title='bbox 917 1356 1004 1419; x_wconf 87' lang='lat' dir='ltr'><strong>aulae</strong></span> 
     </span>
     <span class='ocr_line' id='line_1_14' title="bbox 259 1440 855 1523; baseline -0.002 -22"><span class='ocrx_word' id='word_1_66' title='bbox 259 1442 364 1520; x_wconf 88' lang='lat' dir='ltr'><strong>thue</strong></span> <span class='ocrx_word' id='word_1_67' title='bbox 379 1440 432 1500; x_wconf 86' lang='lat' dir='ltr'><strong>diu</strong></span> <span class='ocrx_word' id='word_1_68' title='bbox 445 1443 557 1519; x_wconf 84' lang='lat' dir='ltr'><strong>terris,</strong></span> <span class='ocrx_word' id='word_1_69' title='bbox 581 1440 620 1501; x_wconf 85' lang='lat' dir='ltr'><strong>da</strong></span> <span class='ocrx_word' id='word_1_70' title='bbox 634 1443 686 1523; x_wconf 88' lang='lat' dir='ltr'><strong>pia</strong></span> <span class='ocrx_word' id='word_1_71' title='bbox 701 1449 770 1502; x_wconf 88' lang='lat' dir='ltr'><strong>tura</strong></span> <span class='ocrx_word' id='word_1_72' title='bbox 784 1442 855 1500; x_wconf 90' lang='lat' dir='ltr'><strong>Iovi.</strong></span> 
     </span>
    </p>
   </div>
   <div class='ocr_carea' id='block_1_7' title="bbox 572 1592 733 1672">
    <p class='ocr_par' dir='ltr' id='par_1_11' title="bbox 572 1592 733 1672">
     <span class='ocr_line' id='line_1_15' title="bbox 572 1592 733 1672; baseline -0.019 -18"><span class='ocrx_word' id='word_1_73' title='bbox 572 1592 611 1654; x_wconf 85' lang='lat' dir='ltr'><strong>V·</strong></span> <span class='ocrx_word' id='word_1_74' title='bbox 630 1592 733 1672; x_wconf 62' lang='grc' dir='ltr'><em>ἦρεν.</em></span> 
     </span>
    </p>
   </div>
   <div class='ocr_carea' id='block_1_8' title="bbox 220 1697 1012 1865">
    <p class='ocr_par' dir='ltr' id='par_1_12' title="bbox 220 1697 1012 1865">
     <span class='ocr_line' id='line_1_16' title="bbox 220 1697 917 1779; baseline 0 -19"><span class='ocrx_word' id='word_1_75' title='bbox 220 1699 320 1760; x_wconf 76' lang='lat' dir='ltr'><strong>cerea</strong></span> <span class='ocrx_word' id='word_1_76' title='bbox 334 1717 411 1777; x_wconf 86' lang='lat' dir='ltr'><strong>quae</strong></span> <span class='ocrx_word' id='word_1_77' title='bbox 427 1699 532 1779; x_wconf 87' lang='lat' dir='ltr'><strong>patulo</strong></span> <span class='ocrx_word' id='word_1_78' title='bbox 547 1699 633 1760; x_wconf 82' lang='lat' dir='ltr'><strong>lucet</strong></span> <span class='ocrx_word' id='word_1_79' title='bbox 646 1699 779 1760; x_wconf 85' lang='lat' dir='ltr'><strong>ficedula</strong></span> <span class='ocrx_word' id='word_1_80' title='bbox 794 1697 917 1778; x_wconf 82' lang='lat' dir='ltr'><strong>lumbo,</strong></span> 
     </span>
     <span class='ocr_line' id='line_1_17' title="bbox 261 1783 1012 1865; baseline 0.007 -23"><span class='ocrx_word' id='word_1_81' title='bbox 261 1783 339 1842; x_wconf 72' lang='lat' dir='ltr'><strong>(ium</strong></span> <span class='ocrx_word' id='word_1_82' title='bbox 351 1784 410 1842; x_wconf 90' lang='lat' dir='ltr'><strong>tibi</strong></span> <span class='ocrx_word' id='word_1_83' title='bbox 424 1789 509 1842; x_wconf 87' lang='lat' dir='ltr'><strong>sorte</strong></span> <span class='ocrx_word' id='word_1_84' title='bbox 525 1783 632 1861; x_wconf 86' lang='lat' dir='ltr'><strong>datur,</strong></span> <span class='ocrx_word' id='word_1_85' title='bbox 655 1785 681 1842; x_wconf 91' lang='lat' dir='ltr'><strong>si</strong></span> <span class='ocrx_word' id='word_1_86' title='bbox 696 1786 794 1864; x_wconf 86' lang='lat' dir='ltr'><strong>sapis,</strong></span> <span class='ocrx_word' id='word_1_87' title='bbox 819 1783 898 1845; x_wconf 87' lang='lat' dir='ltr'><strong>adde</strong></span> <span class='ocrx_word' id='word_1_88' title='bbox 912 1785 1012 1865; x_wconf 90' lang='lat' dir='ltr'><strong>piper.</strong></span> 
     </span>
    </p>
   </div>
   <div class='ocr_carea' id='block_1_9' title="bbox 448 1915 755 1979">
    <p class='ocr_par' dir='ltr' id='par_1_13' title="bbox 448 1915 755 1979">
     <span class='ocr_line' id='line_1_18' title="bbox 448 1915 755 1979; baseline 0.007 -2"><span class='ocrx_word' id='word_1_89' title='bbox 448 1933 451 1941; x_wconf 86' lang='grc'><strong><em>’</em></strong></span> <span class='ocrx_word' id='word_1_90' title='bbox 557 1917 608 1979; x_wconf 89' lang='lat' dir='ltr'><strong>Vl.</strong></span> <span class='ocrx_word' id='word_1_91' title='bbox 632 1915 755 1979; x_wconf 72' lang='lat' dir='ltr'><strong>Halios.</strong></span> 
     </span>
    </p>
   </div>
   <div class='ocr_carea' id='block_1_10' title="bbox 216 2027 1048 2191">
    <p class='ocr_par' dir='ltr' id='par_1_14' title="bbox 216 2027 1048 2191">
     <span class='ocr_line' id='line_1_19' title="bbox 216 2027 1048 2108; baseline 0.005 -20"><span class='ocrx_word' id='word_1_92' title='bbox 216 2028 279 2089; x_wconf 85' lang='lat' dir='ltr'><strong>Nos</strong></span> <span class='ocrx_word' id='word_1_93' title='bbox 293 2027 439 2106; x_wconf 79' lang='lat' dir='ltr'><strong>heilram,</strong></span> <span class='ocrx_word' id='word_1_94' title='bbox 460 2029 578 2108; x_wconf 87' lang='lat' dir='ltr'><strong>poterit</strong></span> <span class='ocrx_word' id='word_1_95' title='bbox 591 2028 722 2089; x_wconf 89' lang='lat' dir='ltr'><strong>mulsum</strong></span> <span class='ocrx_word' id='word_1_96' title='bbox 737 2031 796 2090; x_wconf 89' lang='lat' dir='ltr'><strong>tibi</strong></span> <span class='ocrx_word' id='word_1_97' title='bbox 809 2031 934 2090; x_wconf 88' lang='lat' dir='ltr'><strong>mittere</strong></span> <span class='ocrx_word' id='word_1_98' title='bbox 950 2028 1048 2094; x_wconf 85' lang='lat' dir='ltr'><strong>dives.</strong></span> 
     </span>
     <span class='ocr_line' id='line_1_20' title="bbox 258 2112 888 2191; baseline 0.01 -20"><span class='ocrx_word' id='word_1_99' title='bbox 258 2112 292 2171; x_wconf 92' lang='lat' dir='ltr'><strong>Si</strong></span> <span class='ocrx_word' id='word_1_100' title='bbox 307 2113 364 2172; x_wconf 89' lang='lat' dir='ltr'><strong>tibi</strong></span> <span class='ocrx_word' id='word_1_101' title='bbox 380 2112 518 2172; x_wconf 89' lang='lat' dir='ltr'><strong>uoluerit</strong></span> <span class='ocrx_word' id='word_1_102' title='bbox 532 2113 657 2173; x_wconf 88' lang='lat' dir='ltr'><strong>mittere</strong></span> <span class='ocrx_word' id='word_1_103' title='bbox 673 2113 774 2191; x_wconf 82' lang='lat' dir='ltr'><strong>dives,</strong></span> <span class='ocrx_word' id='word_1_104' title='bbox 795 2132 888 2177; x_wconf 88' lang='lat' dir='ltr'><strong>emes.</strong></span> 
     </span>
    </p>
   </div>
   <div class='ocr_carea' id='block_1_11' title="bbox 563 2246 750 2308">
    <p class='ocr_par' dir='ltr' id='par_1_15' title="bbox 563 2246 750 2308">
     <span class='ocr_line' id='line_1_21' title="bbox 563 2246 750 2308; baseline 0 0"><span class='ocrx_word' id='word_1_105' title='bbox 563 2246 627 2308; x_wconf 91' lang='lat' dir='ltr'><strong>Vll.</strong></span> <span class='ocrx_word' id='word_1_106' title='bbox 652 2247 750 2308; x_wconf 70' lang='lat' dir='ltr'><strong>huba.</strong></span> 
     </span>
    </p>
   </div>
   <div class='ocr_carea' id='block_1_12' title="bbox 217 2355 952 2521">
    <p class='ocr_par' dir='ltr' id='par_1_16' title="bbox 217 2355 952 2521">
     <span class='ocr_line' id='line_1_22' title="bbox 217 2355 952 2437; baseline 0.003 -21"><span class='ocrx_word' id='word_1_107' title='bbox 217 2356 250 2416; x_wconf 90' lang='lat' dir='ltr'><strong>Si</strong></span> <span class='ocrx_word' id='word_1_108' title='bbox 265 2364 387 2437; x_wconf 89' lang='lat' dir='ltr'><strong>spumet</strong></span> <span class='ocrx_word' id='word_1_109' title='bbox 401 2359 495 2418; x_wconf 88' lang='lat' dir='ltr'><strong>rubra</strong></span> <span class='ocrx_word' id='word_1_110' title='bbox 510 2358 635 2417; x_wconf 78' lang='lat' dir='ltr'><strong>conchis</strong></span> <span class='ocrx_word' id='word_1_111' title='bbox 652 2359 711 2417; x_wconf 89' lang='lat' dir='ltr'><strong>tibi</strong></span> <span class='ocrx_word' id='word_1_112' title='bbox 724 2355 840 2437; x_wconf 86' lang='lat' dir='ltr'><strong>pallida</strong></span> <span class='ocrx_word' id='word_1_113' title='bbox 854 2364 952 2436; x_wconf 89' lang='lat' dir='ltr'><strong>testa,</strong></span> 
     </span>
     <span class='ocr_line' id='line_1_23' title="bbox 256 2440 872 2521; baseline 0.005 -21"><span class='ocrx_word' id='word_1_114' title='bbox 256 2440 423 2502; x_wconf 89' lang='lat' dir='ltr'><strong>Lautorum</strong></span> <span class='ocrx_word' id='word_1_115' title='bbox 438 2442 522 2502; x_wconf 84' lang='lat' dir='ltr'><strong>cenis</strong></span> <span class='ocrx_word' id='word_1_116' title='bbox 537 2455 630 2521; x_wconf 87' lang='lat' dir='ltr'><strong>saepe</strong></span> <span class='ocrx_word' id='word_1_117' title='bbox 645 2459 759 2519; x_wconf 84' lang='lat' dir='ltr'><strong>negare</strong></span> <span class='ocrx_word' id='word_1_118' title='bbox 774 2447 872 2521; x_wconf 88' lang='lat' dir='ltr'><strong>potes.</strong></span> 
     </span>
    </p>
   </div>
   <div class='ocr_carea' id='block_1_13' title="bbox 565 2574 741 2636">
    <p class='ocr_par' dir='ltr' id='par_1_17' title="bbox 565 2574 741 2636">
     <span class='ocr_line' id='line_1_24' title="bbox 565 2574 741 2636; baseline 0.006 -1"><span class='ocrx_word' id='word_1_119' title='bbox 565 2574 642 2635; x_wconf 87' lang='lat' dir='ltr'><strong>Vlll.</strong></span> <span class='ocrx_word' id='word_1_120' title='bbox 665 2574 741 2636; x_wconf 81' lang='lat' dir='ltr'><strong>Far.</strong></span> 
     </span>
    </p>
   </div>
   <div class='ocr_carea' id='block_1_14' title="bbox 213 2683 903 2830">
    <p class='ocr_par' dir='ltr' id='par_1_18' title="bbox 213 2683 903 2830">
     <span class='ocr_line' id='line_1_25' title="bbox 213 2683 887 2767; baseline -0.004 -21"><span class='ocrx_word' id='word_1_121' title='bbox 213 2686 318 2747; x_wconf 87' lang='lat' dir='ltr'><strong>imbue</strong></span> <span class='ocrx_word' id='word_1_122' title='bbox 332 2685 471 2767; x_wconf 86' lang='lat' dir='ltr'><strong>plebeias</strong></span> <span class='ocrx_word' id='word_1_123' title='bbox 487 2683 622 2746; x_wconf 78' lang='lat' dir='ltr'><strong>Clusinis</strong></span> <span class='ocrx_word' id='word_1_124' title='bbox 639 2683 775 2764; x_wconf 75' lang='lat' dir='ltr'><strong>pultibus</strong></span> <span class='ocrx_word' id='word_1_125' title='bbox 792 2683 887 2762; x_wconf 87' lang='lat' dir='ltr'><strong>ollas,</strong></span> 
     </span>
     <span class='ocr_line' id='line_1_26' title="bbox 218 2766 903 2830; baseline -0.004 0"><span class='ocrx_word' id='word_1_126' title='bbox 218 2803 220 2807; x_wconf 83' lang='lat'><em>.</em></span> <span class='ocrx_word' id='word_1_127' title='bbox 256 2771 300 2830; x_wconf 85' lang='lat' dir='ltr'><strong>Ut</strong></span> <span class='ocrx_word' id='word_1_128' title='bbox 317 2777 401 2830; x_wconf 90' lang='lat' dir='ltr'><strong>satur</strong></span> <span class='ocrx_word' id='word_1_129' title='bbox 415 2772 449 2829; x_wconf 90' lang='lat' dir='ltr'><strong>in</strong></span> <span class='ocrx_word' id='word_1_130' title='bbox 462 2770 564 2830; x_wconf 84' lang='lat' dir='ltr'><strong>vacuis</strong></span> <span class='ocrx_word' id='word_1_131' title='bbox 582 2766 683 2829; x_wconf 85' lang='lat' dir='ltr'><strong>dulcia</strong></span> <span class='ocrx_word' id='word_1_132' title='bbox 695 2775 794 2828; x_wconf 84' lang='lat' dir='ltr'><strong>musta</strong></span> <span class='ocrx_word' id='word_1_133' title='bbox 808 2771 903 2830; x_wconf 88' lang='lat' dir='ltr'><strong>bibas.</strong></span> 
     </span>
    </p>
   </div>
   <div class='ocr_carea' id='block_1_15' title="bbox 569 2902 733 2965">
    <p class='ocr_par' dir='ltr' id='par_1_19' title="bbox 569 2902 733 2965">
     <span class='ocr_line' id='line_1_27' title="bbox 569 2902 733 2965; baseline -0.006 -2"><span class='ocrx_word' id='word_1_134' title='bbox 569 2904 620 2965; x_wconf 87' lang='grc' dir='ltr'><strong>[Χ.</strong></span> <span class='ocrx_word' id='word_1_135' title='bbox 640 2902 733 2963; x_wconf 77' lang='lat' dir='ltr'><strong>Lena.</strong></span> 
     </span>
    </p>
   </div>
   <div class='ocr_carea' id='block_1_16' title="bbox 214 3013 971 3179">
    <p class='ocr_par' dir='ltr' id='par_1_20' title="bbox 214 3013 971 3179">
     <span class='ocr_line' id='line_1_28' title="bbox 214 3013 971 3095; baseline 0 -21"><span class='ocrx_word' id='word_1_136' title='bbox 214 3015 332 3094; x_wconf 86' lang='lat' dir='ltr'><strong>Accipe</strong></span> <span class='ocrx_word' id='word_1_137' title='bbox 345 3013 511 3095; x_wconf 83' lang='lat' dir='ltr'><strong>Niliacam,</strong></span> <span class='ocrx_word' id='word_1_138' title='bbox 533 3015 659 3078; x_wconf 86' lang='lat' dir='ltr'><strong>Pelusia</strong></span> <span class='ocrx_word' id='word_1_139' title='bbox 672 3035 816 3094; x_wconf 81' lang='lat' dir='ltr'><strong>munera,</strong></span> <span class='ocrx_word' id='word_1_140' title='bbox 837 3015 971 3077; x_wconf 85' lang='lat' dir='ltr'><strong>lentem:</strong></span> 
     </span>
     <span class='ocr_line' id='line_1_29' title="bbox 258 3097 845 3179; baseline 0.002 -18"><span class='ocrx_word' id='word_1_141' title='bbox 258 3097 359 3161; x_wconf 90' lang='lat' dir='ltr'><strong>Vilior</strong></span> <span class='ocrx_word' id='word_1_142' title='bbox 374 3104 424 3158; x_wconf 89' lang='lat' dir='ltr'><strong>est</strong></span> <span class='ocrx_word' id='word_1_143' title='bbox 439 3099 557 3179; x_wconf 82' lang='lat' dir='ltr'><strong>halica,</strong></span> <span class='ocrx_word' id='word_1_144' title='bbox 580 3103 681 3162; x_wconf 83' lang='lat' dir='ltr'><strong>carior</strong></span> <span class='ocrx_word' id='word_1_145' title='bbox 696 3100 749 3161; x_wconf 87' lang='lat' dir='ltr'><strong>illa</strong></span> <span class='ocrx_word' id='word_1_146' title='bbox 766 3101 845 3162; x_wconf 86' lang='lat' dir='ltr'><strong>faba.</strong></span> 
     </span>
    </p>
   </div>
   <div class='ocr_carea' id='block_1_17' title="bbox 563 3225 872 3296">
    <p class='ocr_par' dir='ltr' id='par_1_21' title="bbox 563 3225 872 3296">
     <span class='ocr_line' id='line_1_30' title="bbox 563 3225 872 3296; baseline 0.013 -2"><span class='ocrx_word' id='word_1_147' title='bbox 563 3234 600 3296; x_wconf 86' lang='lat' dir='ltr'><strong>X.</strong></span> <span class='ocrx_word' id='word_1_148' title='bbox 624 3225 743 3296; x_wconf 66' lang='lat' dir='ltr'><strong>Simila.</strong></span> <span class='ocrx_word' id='word_1_149' title='bbox 871 3274 872 3278; x_wconf 65' lang='lat'>,</span> 
     </span>
    </p>
   </div>
   <div class='ocr_carea' id='block_1_18' title="bbox 213 3341 996 3513">
    <p class='ocr_par' dir='ltr' id='par_1_22' title="bbox 213 3341 996 3513">
     <span class='ocr_line' id='line_1_31' title="bbox 213 3341 996 3428; baseline 0.001 -25"><span class='ocrx_word' id='word_1_150' title='bbox 213 3343 278 3404; x_wconf 87' lang='lat' dir='ltr'><strong>Nee</strong></span> <span class='ocrx_word' id='word_1_151' title='bbox 293 3344 382 3428; x_wconf 81' lang='lat' dir='ltr'><strong>dotes</strong></span> <span class='ocrx_word' id='word_1_152' title='bbox 398 3344 517 3407; x_wconf 83' lang='lat' dir='ltr'><strong>similae</strong></span> <span class='ocrx_word' id='word_1_153' title='bbox 538 3341 639 3426; x_wconf 76' lang='lat' dir='ltr'><strong>possis</strong></span> <span class='ocrx_word' id='word_1_154' title='bbox 655 3367 818 3409; x_wconf 86' lang='lat' dir='ltr'><strong>numerare</strong></span> <span class='ocrx_word' id='word_1_155' title='bbox 833 3365 892 3407; x_wconf 85' lang='lat' dir='ltr'><strong>nee</strong></span> <span class='ocrx_word' id='word_1_156' title='bbox 907 3364 996 3422; x_wconf 85' lang='lat' dir='ltr'><strong>usus,</strong></span> 
     </span>
     <span class='ocr_line' id='line_1_32' title="bbox 254 3428 870 3513; baseline 0.005 -25"><span class='ocrx_word' id='word_1_157' title='bbox 254 3428 369 3490; x_wconf 83' lang='lat' dir='ltr'><strong>Pistori</strong></span> <span class='ocrx_word' id='word_1_158' title='bbox 385 3431 501 3491; x_wconf 78' lang='lat' dir='ltr'><strong>totiena</strong></span> <span class='ocrx_word' id='word_1_159' title='bbox 516 3450 584 3490; x_wconf 86' lang='lat' dir='ltr'><strong>eum</strong></span> <span class='ocrx_word' id='word_1_160' title='bbox 599 3433 640 3490; x_wconf 84' lang='lat' dir='ltr'><strong>sit</strong></span> <span class='ocrx_word' id='word_1_161' title='bbox 656 3438 688 3490; x_wconf 87' lang='lat' dir='ltr'><strong>et</strong></span> <span class='ocrx_word' id='word_1_162' title='bbox 703 3439 773 3513; x_wconf 87' lang='lat' dir='ltr'><strong>apta</strong></span> <span class='ocrx_word' id='word_1_163' title='bbox 788 3451 870 3491; x_wconf 88' lang='lat' dir='ltr'><strong>eoeo.</strong></span> 
     </span>
    </p>
   </div>
   <div class='ocr_carea' id='block_1_19' title="bbox 0 0 1190 3840">
    <p class='ocr_par' dir='ltr' id='par_1_23' title="bbox 0 0 1190 3840">
     <span class='ocr_line' id='line_1_33' title="bbox 0 0 1190 3840; baseline 0 0"><span class='ocrx_word' id='word_1_164' title='bbox 0 0 1190 3840; x_wconf 95' lang='lat' dir='ltr'><strong> </strong></span> 
     </span>
    </p>
   </div>
  </div>
 </body>
</html>
