2370 3840
477 173 521 234 M.
536 170 628 235 VAL.
643 170 872 233 MARTIALIS

608 373 728 435 LXXII.

233 487 345 565 Liber,
367 485 532 565 Amyclaea
547 488 684 547 frontem
698 488 807 546 vittate
823 507 953 567 corona,

278 573 337 648 Qui
353 573 452 650 quatis
467 572 604 631 Ausonia
617 572 749 631 verbera
764 572 857 631 Graia
871 592 977 650 manu,

234 655 328 717 Clusa
342 657 416 714 mihi
431 662 516 715 texto
533 676 601 715 cum
614 655 744 735 prandia
757 656 870 716 vaine
885 658 1004 736 mittas,

276 740 339 800 Cur
354 741 498 798 comitata
515 740 609 820 dapes
625 738 711 798 nulla
723 738 834 818 lagona
850 741 957 799 venit?

232 825 328 902 Atqui
344 822 435 902 digna
449 830 501 883 tuo
517 825 543 883 si
558 825 682 882 nomine
698 842 824 883 munera
839 824 959 902 ferres,

275 909 361 984 θεῖε,
381 913 475 986 puto,
496 906 662 968 debuerint
677 909 844 986 quaemihi
861 907 940 968 dona
955 908 1032 969 dari.

600 1042 733 1102 LXXIII.

232 1157 383 1217 Dentibus
397 1155 536 1231 antiquas
556 1153 664 1214 solitus
677 1153 851 1234 producere
865 1153 969 1234 pelles

272 1241 315 1301 Et
328 1239 473 1300 mordere
490 1237 555 1298 Iuto
570 1245 663 1317 putre
678 1246 828 1318 vetusque
843 1238 959 1318 solum,

231 1324 435 1386 Praenestina
448 1329 538 1384 tenes
555 1322 679 1403 decepti
694 1343 766 1383 rura
781 1325 920 1403 patroni,

272 1409 307 1469 In
323 1411 432 1488 quibus
447 1407 591 1486 Indignor
607 1409 632 1467 si
648 1409 706 1467 tibi
723 1406 803 1467 cella
817 1409 893 1466 fuit:

210 1493 361 1573 5Rumpis
377 1500 410 1552 et
425 1491 547 1551 ardenti
563 1491 702 1551 madidus
718 1490 862 1570 crystalla
875 1491 1011 1551 Falerno

271 1577 313 1638 Et
326 1577 429 1656 pruris
445 1574 559 1634 domini
574 1595 641 1634 cum
657 1575 836 1654 Ganymede
851 1576 906 1636 tui.

230 1661 273 1719 At
286 1678 335 1719 me
349 1657 503 1720 litterulas
517 1657 605 1718 stulti
622 1658 756 1719 docuere
770 1666 932 1739 parentes:

273 1743 354 1820 Quid
368 1762 435 1802 cum
451 1744 655 1821 grammaticis
670 1745 910 1822 rhetoribusque
924 1740 1022 1803 mihi?

229 1827 352 1906 Frange
365 1827 451 1887 leves
464 1825 596 1886 calamos
613 1833 645 1886 et
659 1827 782 1907 scinde,
805 1826 932 1907 Thalia,
952 1826 1099 1909 libellos,

187 1921 222 1974 10
270 1911 304 1972 Si
318 1912 393 1972 dare
408 1911 508 1972 sutori
524 1909 645 1971 calceus
659 1913 719 1973 iata
732 1917 846 1994 potest.

595 2045 729 2109 LXXIV.

227 2161 372 2240 Effigiem
386 2165 504 2220 tantum
518 2163 608 2241 pueri
624 2163 745 2242 pictura
759 2160 887 2220 Camoni

270 2245 395 2322 Servat,
418 2252 452 2304 et
465 2246 592 2306 Infantis
605 2266 699 2325 parva
712 2244 810 2323 figura
826 2250 938 2302 manet.

226 2327 393 2389 Florentes
407 2327 493 2388 nulla
507 2331 636 2408 signavit
650 2330 783 2409 imagine
796 2326 914 2405 voltus,

159 2436 160 2440 ¹
268 2414 346 2474 Dum
361 2415 451 2473 timet
471 2433 525 2472 ora
539 2415 607 2493 pius
622 2418 705 2473 muta
718 2412 826 2472 videre
840 2418 938 2492 pater.

599 2547 722 2609 LXXV.

224 2661 294 2720 Non
309 2659 398 2722 silice
413 2660 490 2721 dnro
506 2657 678 2719 structilive
695 2665 870 2736 caemento,

224 2745 290 2804 Nec
304 2743 404 2805 latere
419 2752 524 2821 cocto,
548 2763 607 2822 quo
623 2742 799 2803 Semiramis
813 2741 938 2821 longam

224 2826 388 2906 Babylona>
398 2831 509 2907 cInxit‚
533 2828 637 2888 Tucca
651 2824 795 2887 balneum
810 2827 901 2886 fecit:

225 2910 288 2970 Sed
305 2918 408 2990 strage
422 2932 581 2973 nemorum
594 2914 748 2991 pineaque
764 2928 927 2990 compage,

201 2995 270 3057 5Ut
283 2997 426 3073 navigare
442 2997 546 3056 'I'ucca
559 2995 670 3056 balneo
684 2996 793 3075 possit.

222 3078 308 3139 idern
322 3080 428 3139 beatas
441 3077 542 3140 lautus
558 3081 673 3141 extruit
686 3082 822 3140 thermas

220 3164 268 3224 De
283 3181 436 3223 marmore
450 3165 549 3241 omni,
571 3163 655 3243 quod
669 3165 816 3244 Carystos
830 3162 965 3242 invenIt‚

223 3246 313 3325 Quod
327 3248 462 3326 Phrygia
477 3247 613 3326 Synnas‚
634 3248 712 3307 Afra
728 3247 810 3326 qnod
824 3247 936 3307 Nomas
949 3245 1047 3306 mittat

220 3332 262 3394 Et
281 3332 365 3412 qnod
380 3332 494 3392 virenti
509 3332 597 3390 fonte
611 3328 687 3391 lavit
700 3332 842 3392 Eurotas.

102 3476 108 3491 ,
179 3425 214 3479 10
220 3415 287 3477 Sed
295 3415 381 3497 Iigna
396 3415 525 3477 derunt:
547 3416 653 3476 subice
667 3413 811 3476 balneum
825 3413 967 3477 thermis.
