2370 3840
97 182 143 249 32
422 182 467 244 M.
481 181 575 244 VAL.
590 178 815 242 MARTIALIS

185 338 303 417 Accipe
317 354 379 395 non
392 334 484 394 Pario
497 334 637 393 nutantia
649 331 790 414 pandera
802 321 891 411 saxo,

229 421 314 496 Quae
330 419 428 478 cineri
442 437 537 477 vanus
552 417 605 477 dat
620 417 741 477 ruitura
753 414 863 494 labor,

165 503 251 568 5Sed
265 501 374 563 faciles
388 503 485 562 buum
499 507 533 561 et
547 519 656 581 opacas
670 499 806 581 palmitis
821 502 944 560 umbras

230 588 377 665 Quaeque
394 587 497 646 virent
509 583 645 645 lacrimis
659 583 784 645 roseida
796 591 885 664 prata
898 585 985 645 meis.

186 672 319 751 Accipe,
341 687 413 730 aare
428 687 523 750 puer,
545 668 645 728 nostri
660 670 846 728 monimenta
861 665 995 729 dolorisr

229 755 289 815 Hic
303 755 361 814 tibi
374 759 527 834 perpetuo
541 758 682 833 tempore
697 744 779 812 diret
792 751 901 814 honor.

188 839 265 901 (ium
279 839 355 898 mihi
369 855 529 919 supremos
545 836 692 897 Lachesis
706 837 886 917 peruenerit
899 855 1012 917 annus,

148 933 181 986 10
228 923 298 984 Non
312 920 404 982 aliter
419 921 542 981 eineres
558 921 668 981 mando
683 922 787 982 iacere
801 938 896 982 meos.

543 1054 708 1119 LXXXIX.

190 1168 297 1228 Garris
312 1168 344 1227 in
359 1186 463 1228 aurem
480 1186 603 1248 semper
617 1168 774 1245 amnibus,
796 1167 913 1245 Cinna,

190 1252 298 1312 Garris
313 1257 346 1311 et
362 1250 440 1312 iliud
453 1258 536 1312 teste
552 1249 725 1331 quodlicet
740 1253 839 1312 turba.

189 1333 285 1395 Rides
298 1336 332 1395 iu
347 1354 467 1415 aurem,
489 1336 649 1415 quereris,
673 1337 791 1415 arguis,
812 1332 933 1415 ploras,

191 1419 303 1480 Cantas
318 1421 351 1479 in
366 1439 486 1498 aurem,
507 1418 642 1498 iudicas,
661 1425 762 1498 taces,
785 1418 914 1497 clamas,

167 1500 342 1581 5Adenque
356 1505 480 1584 penitus
494 1503 577 1564 sedit
591 1504 641 1564 hie
654 1505 712 1565 tibi
727 1506 868 1581 morbus,

191 1586 235 1647 Ut
254 1605 346 1668 saepe
360 1589 394 1647 in
410 1606 531 1666 aurem,
554 1587 670 1667 Cinna,
693 1589 857 1649 Gaesarem
871 1583 989 1648 laudea.

596 1734 660 1797 XO.

193 1847 282 1925 Quod
295 1868 449 1928 uunquam
463 1849 597 1909 maribus
615 1849 746 1910 cinctam
760 1855 809 1929 te,
829 1852 940 1930 Bassa,
957 1849 1096 1914 videbam

235 1932 386 2013 Quodque
399 1933 458 1993 tibi
471 1934 631 1994 moechum
647 1932 750 2013 fabula
764 1933 849 1996 nulla
865 1936 973 2016 dabat,

193 2016 290 2078 Omne
307 2016 364 2078 sed
379 2017 513 2078 officium
526 2018 608 2078 circa
623 2025 656 2078 te
670 2037 794 2100 semper
811 2021 916 2081 obibat

235 2101 341 2162 Turba
355 2102 402 2162 tui
416 2120 521 2181 sexus,
543 2122 605 2162 uon
621 2100 755 2165 adeunte
771 2105 857 2180 air03

171 2185 458 2265 insequebaris,
480 2187 598 2265 fateor,
619 2187 765 2250 Lucretia
778 2190 883 2249 nohis:

234 2271 276 2330 At
291 2276 342 2349 tu,
363 2291 420 2351 pro
436 2271 573 2349 facinus,
596 2272 706 2350 Bassa,
727 2273 848 2333 fututor
862 2291 941 2332 eras.

192 2354 277 2415 luter
292 2372 326 2414 se
342 2355 479 2432 geminos
495 2352 589 2414 audes
603 2357 797 2415 committere
812 2373 927 2414 cunnus

235 2437 451 2516 Mentiturque
464 2437 562 2496 virum
583 2436 762 2516 prodigiosa
776 2436 891 2500 Venus.

194 2521 374 2580 commenta
388 2537 422 2579 es
437 2518 561 2598 dignum
576 2519 725 2581 Thebano
741 2522 912 2600 aenigmate
926 2525 1113 2599 monstrum,

153 2612 187 2666 10
233 2604 295 2665 Hic
309 2605 361 2664 ubi
374 2605 422 2664 vir
436 2621 499 2663 uon
514 2609 579 2682 est,
601 2609 636 2663 ut
649 2604 690 2664 sit
707 2602 900 2666 adulterium.

590 2738 669 2801 xci.

194 2850 271 2912 (ium
285 2857 338 2912 tua
350 2869 413 2912 non
426 2852 517 2930 edas,
539 2853 640 2933 carpis
654 2872 722 2914 mea
737 2856 886 2935 carmina,
905 2850 1002 2916 Laeli

236 2935 374 3016 Carpere
388 2934 438 2999 vel
450 2934 516 2996 nuli
530 2943 637 2998 nostra
651 2936 701 2999 vel
717 2937 776 2999 ede
790 2946 851 3004 tua.

584 3071 675 3134 xcii.

197 3181 297 3262 Saepe
312 3182 388 3242 mihi
403 3183 543 3262 queritur
557 3203 619 3244 non
637 3185 727 3247 siccis
743 3185 854 3248 Cestos
870 3180 995 3262 ocellis,

238 3265 337 3344 Tangi
352 3284 385 3326 se
401 3265 515 3346 digno,
537 3267 746 3347 Mamurium,
760 3277 823 3331 tuo.

193 3349 261 3410 Nou
277 3369 354 3431 upus
368 3357 417 3411 est
431 3350 543 3430 digito:
565 3358 663 3412 tntum
678 3353 736 3413 tibi
750 3353 867 3413 ceston
881 3351 1012 3430 habeto,

236 3433 269 3494 Si
284 3433 374 3495 deest
388 3432 434 3495 uil
450 3434 553 3515 aliud,
576 3436 784 3515 Mamurium,
806 3434 915 3513 tibin
