2370 3840
137 205 201 271 184
463 210 508 271 M.
525 209 616 271 VAL.
633 207 857 270 MARTIALIS

592 410 729 475 XXXVI.

222 524 319 602 Regia
333 523 539 606 pyramidum,
563 525 693 603 Caesar,
714 523 860 585 miracula
874 523 960 585 ride:

264 606 325 668 Iam
339 613 424 668 tacet
436 609 535 669 Eoum
551 610 684 668 barbara
697 609 853 688 Memphis
873 628 956 688 opus.

221 692 298 751 l’ars
313 699 406 771 quota
419 693 602 753 Parrhasiae
616 691 705 752 labor
719 699 768 753 est
781 693 971 753 Mareoticus
988 691 1098 754 aulae?

264 773 385 837 Clarius
400 778 433 837 in
447 782 514 837 toto
528 775 574 834 nil
587 775 672 836 videt
686 780 763 837 orbe
778 775 854 837 dies.

200 857 379 939 58eptenos
392 862 512 941 pariter
528 858 637 920 credas
653 879 815 940 assurgere
830 866 966 939 montes,
1021 886 1024 892 ·

263 942 477 1004 Thessalicum
494 945 619 1004 brevior
633 943 744 1004 Pelion
759 944 837 1004 Ossa
849 943 931 1007 tulit.

220 1029 360 1087 Aethera
374 1030 419 1089 sle
433 1030 546 1106 intrat,
568 1027 676 1089 nitidis
690 1034 725 1088 ut
740 1027 881 1088 conditus
897 1029 988 1088 astrIs

264 1108 418 1173 Inferiore
434 1118 522 1173 tonet
538 1114 619 1172 nube
639 1130 767 1173 serenus
783 1130 861 1191 apex

220 1195 262 1257 Et
276 1197 362 1277 prius
377 1216 487 1258 arcano
503 1198 633 1257 satietur
649 1197 773 1257 numine
790 1194 925 1275 Phoebi,

178 1289 213 1341 10
261 1278 424 1341 Nascentis
440 1282 531 1342 Circe
550 1301 639 1361 quam
653 1280 739 1342 videt
758 1300 812 1340 ora
825 1281 932 1360 patris.

221 1364 324 1443 Ilaec,
347 1366 502 1444 Auguste,
523 1371 644 1444 tamen,
667 1383 745 1445 quae
761 1366 880 1426 vertice
893 1362 997 1424 sidera
1010 1360 1133 1443 pulsat,

262 1447 323 1508 Par
338 1446 445 1510 (lomus
461 1455 509 1510 est
525 1448 629 1529 caelo,
651 1450 708 1511 sed
722 1450 822 1511 minor
837 1448 1033 1509 est'domino.

579 1583 732 1647 XXXVII.

222 1691 311 1769 Quod
327 1694 474 1754 Caietano
488 1692 611 1774 reddis,
632 1693 853 1774 Polycharmo,
875 1690 1022 1767 tabellas,

263 1775 352 1837 Milia
364 1784 397 1838 te
414 1785 536 1839 centum
551 1798 623 1838 num
641 1780 786 1840 tribuisse
803 1778 915 1860 puteal

222 1858 359 1940 „Debuit
376 1862 476 1923 haec“
493 1863 605 1942 inquis.
634 1862 707 1923 Tibi
718 1864 808 1944 habe,
819 1861 1033 1943 Polycharme,
1048 1857 1176 1922 tabell

262 1945 304 2006 nt
319 1946 467 2007 Caietano
482 1947 566 2018 milia
579 1946 673 2008 crede
689 1946 758 2012 duo.

577 2083 741 2144 XXXVIII.

221 2194 280 2271 Qui
293 2198 432 2275 praestat
446 2195 563 2276 pietate
577 2196 730 2274 pertinaci

220 2277 355 2339 Sensuro
374 2280 455 2339 bona
468 2277 683 2356 liberalitatis,

220 2363 333 2442 Captet
346 2362 477 2423 forsitan
493 2368 545 2422 aut
560 2364 656 2422 vicem
670 2365 824 2440 reposcat.

221 2447 264 2505 At
280 2448 306 2505 si
323 2448 391 2525 quis
407 2445 482 2506 (lare
499 2448 615 2505 nomini
630 2443 742 2506 relicto

198 2528 296 2592 bPost
309 2549 414 2591 manea
428 2530 641 2608 tumulumque
655 2537 845 2614 perseverat,

221 2614 351 2691 Quaerit
366 2613 456 2694 quid,
476 2616 536 2675 nisi
551 2615 673 2694 parcius
681 2612 821 2674 ololerel

219 2697 330 2759 Refert
344 2700 386 2759 sis
402 2701 517 2776 bonus,
538 2719 575 2758 an
589 2696 667 2759 velis
682 2697 792 2758 videri.

219 2782 364 2842 Praestas
378 2784 455 2862 hoc,
477 2781 610 2863 Melior,
632 2784 752 2843 sciente
766 2783 861 2865 fama,

220 2866 279 2943 Qui
293 2865 495 2929 sollemnibus
510 2870 615 2929 anxius
630 2864 745 2948 sepulti

178 2962 212 3015 10
218 2949 337 3011 Nomen
349 2970 411 3010 non
425 2953 501 3012 sinis
516 2954 648 3013 Interire
663 2950 782 3031 Blaesi,

219 3035 262 3096 Et
277 3034 317 3095 (le
331 3036 473 3096 munifica
487 3038 632 3116 profusus
648 3057 718 3096 area

219 3116 269 3179 Ad
283 3119 458 3180 natalicium
472 3119 554 3181 diem
571 3120 735 3182 colendum

220 3202 398 3264 Scribarum
411 3207 541 3265 memori
556 3207 688 3285 piaeque
703 3206 813 3266 turbae

221 3286 310 3363 Quod
326 3288 437 3368 donas,
456 3290 532 3350 facis
548 3290 616 3369 ipse
631 3287 834 3361 Blaesianum.

179 3373 286 3434 15Hoc
298 3371 425 3455 longum
440 3375 514 3452 tibi,
536 3374 598 3434 vita
613 3373 683 3434 dum
699 3374 850 3454 manebit,

219 3458 288 3518 Iloo
302 3464 420 3537 etpost
435 3459 557 3520 clneres
572 3459 634 3520 erit
648 3460 807 3520 tributum.

102 3562 137 3624 h
