<?xml version="1.0" encoding="UTF-8"?>
<!DOCTYPE html PUBLIC "-//W3C//DTD XHTML 1.0 Transitional//EN"
    "http://www.w3.org/TR/xhtml1/DTD/xhtml1-transitional.dtd">
<html xmlns="http://www.w3.org/1999/xhtml" xml:lang="en" lang="en">
 <head>
  <title>
</title>
<meta http-equiv="Content-Type" content="text/html;charset=utf-8" />
  <meta name='ocr-system' content='tesseract 3.04.00' />
  <meta name='ocr-capabilities' content='ocr_page ocr_carea ocr_par ocr_line ocrx_word'/>
</head>
<body>
  <div class='ocr_page' id='page_1' title='image "./epigrammatonlib00schngoog_0112.png"; bbox 0 0 2370 3840; ppageno 0'>
   <div class='ocr_carea' id='block_1_1' title="bbox 306 192 1076 261">
    <p class='ocr_par' dir='ltr' id='par_1_1' title="bbox 306 192 1076 261">
     <span class='ocr_line' id='line_1_1' title="bbox 306 192 1076 261; baseline 0.009 -7"><span class='ocrx_word' id='word_1_1' title='bbox 306 192 647 255; x_wconf 79' lang='lat' dir='ltr'><strong>EPIGRAMMATON</strong></span> <span class='ocrx_word' id='word_1_2' title='bbox 660 193 735 254; x_wconf 90' lang='lat' dir='ltr'>LIB.</span> <span class='ocrx_word' id='word_1_3' title='bbox 752 194 804 255; x_wconf 89' lang='lat' dir='ltr'><strong>IV.</strong></span> <span class='ocrx_word' id='word_1_4' title='bbox 1015 194 1076 261; x_wconf 90' lang='lat'><strong>101</strong></span> 
     </span>
    </p>
   </div>
   <div class='ocr_carea' id='block_1_2' title="bbox 93 345 1052 846">
    <p class='ocr_par' dir='ltr' id='par_1_2' title="bbox 116 345 1052 516">
     <span class='ocr_line' id='line_1_2' title="bbox 116 345 922 426; baseline -0.002 -17"><span class='ocrx_word' id='word_1_5' title='bbox 116 349 312 426; x_wconf 76' lang='lat' dir='ltr'><strong>Dicebatque</strong></span> <span class='ocrx_word' id='word_1_6' title='bbox 328 348 391 407; x_wconf 79' lang='lat' dir='ltr'><strong>ouis</strong></span> <span class='ocrx_word' id='word_1_7' title='bbox 406 348 483 406; x_wconf 84' lang='lat' dir='ltr'><strong>haec</strong></span> <span class='ocrx_word' id='word_1_8' title='bbox 498 351 616 405; x_wconf 90' lang='lat' dir='ltr'><strong>tantum</strong></span> <span class='ocrx_word' id='word_1_9' title='bbox 631 345 741 406; x_wconf 76' lang='lat' dir='ltr'><strong>deesse</strong></span> <span class='ocrx_word' id='word_1_10' title='bbox 755 350 922 424; x_wconf 80' lang='lat' dir='ltr'><strong>trecentis,</strong></span> 
     </span>
     <span class='ocr_line' id='line_1_3' title="bbox 160 428 1052 516; baseline -0.001 -23"><span class='ocrx_word' id='word_1_11' title='bbox 160 432 205 493; x_wconf 89' lang='lat' dir='ltr'><strong>Ut</strong></span> <span class='ocrx_word' id='word_1_12' title='bbox 219 439 327 513; x_wconf 76' lang='lat' dir='ltr'><strong>posset</strong></span> <span class='ocrx_word' id='word_1_13' title='bbox 341 430 464 491; x_wconf 87' lang='lat' dir='ltr'><strong>domiuo</strong></span> <span class='ocrx_word' id='word_1_14' title='bbox 479 428 631 510; x_wconf 89' lang='lat' dir='ltr'><strong>plaudere</strong></span> <span class='ocrx_word' id='word_1_15' title='bbox 645 431 743 490; x_wconf 78' lang='lat' dir='ltr'><strong>iustus</strong></span> <span class='ocrx_word' id='word_1_16' title='bbox 758 448 863 510; x_wconf 79' lang='lat' dir='ltr'><strong>eques.</strong></span> <span class='ocrx_word' id='word_1_17' title='bbox 1047 505 1052 516; x_wconf 36' lang='lat'>,</span> 
     </span>
    </p>

    <p class='ocr_par' dir='ltr' id='par_1_3' title="bbox 93 513 975 680">
     <span class='ocr_line' id='line_1_4' title="bbox 93 513 975 594; baseline -0.005 -15"><span class='ocrx_word' id='word_1_18' title='bbox 93 518 252 581; x_wconf 74' lang='lat' dir='ltr'><strong>bl’raetor</strong></span> <span class='ocrx_word' id='word_1_19' title='bbox 267 517 311 576; x_wconf 87' lang='lat' dir='ltr'><strong>alt</strong></span> <span class='ocrx_word' id='word_1_20' title='bbox 324 516 414 594; x_wconf 83' lang='lat' dir='ltr'><strong>„Seis</strong></span> <span class='ocrx_word' id='word_1_21' title='bbox 429 533 478 574; x_wconf 91' lang='lat' dir='ltr'><strong>me</strong></span> <span class='ocrx_word' id='word_1_22' title='bbox 494 515 612 593; x_wconf 83' lang='lat' dir='ltr'><strong>Scorpo</strong></span> <span class='ocrx_word' id='word_1_23' title='bbox 628 513 802 592; x_wconf 81' lang='lat' dir='ltr'><strong>Thalloque</strong></span> <span class='ocrx_word' id='word_1_24' title='bbox 818 514 975 594; x_wconf 84' lang='lat' dir='ltr'><strong>daturum,</strong></span> 
     </span>
     <span class='ocr_line' id='line_1_5' title="bbox 162 596 863 680; baseline -0.004 -19"><span class='ocrx_word' id='word_1_25' title='bbox 162 603 265 680; x_wconf 86' lang='lat' dir='ltr'><strong>Atque</strong></span> <span class='ocrx_word' id='word_1_26' title='bbox 277 602 393 660; x_wconf 87' lang='lat' dir='ltr'><strong>utinam</strong></span> <span class='ocrx_word' id='word_1_27' title='bbox 408 607 531 660; x_wconf 87' lang='lat' dir='ltr'><strong>eentum</strong></span> <span class='ocrx_word' id='word_1_28' title='bbox 545 598 629 659; x_wconf 81' lang='lat' dir='ltr'><strong>mllia</strong></span> <span class='ocrx_word' id='word_1_29' title='bbox 644 597 709 658; x_wconf 82' lang='lat' dir='ltr'><strong>sola</strong></span> <span class='ocrx_word' id='word_1_30' title='bbox 724 596 863 662; x_wconf 82' lang='lat' dir='ltr'><strong>(larem.“</strong></span> 
     </span>
    </p>

    <p class='ocr_par' dir='ltr' id='par_1_4' title="bbox 117 681 993 846">
     <span class='ocr_line' id='line_1_6' title="bbox 117 681 950 765; baseline -0.002 -19"><span class='ocrx_word' id='word_1_31' title='bbox 117 687 170 746; x_wconf 85' lang='lat' dir='ltr'><strong>Ab</strong></span> <span class='ocrx_word' id='word_1_32' title='bbox 182 682 280 765; x_wconf 86' lang='lat' dir='ltr'><strong>pudet</strong></span> <span class='ocrx_word' id='word_1_33' title='bbox 294 687 449 762; x_wconf 82' lang='lat' dir='ltr'><strong>ingratae,</strong></span> <span class='ocrx_word' id='word_1_34' title='bbox 469 682 567 763; x_wconf 83' lang='lat' dir='ltr'><strong>pudet</strong></span> <span class='ocrx_word' id='word_1_35' title='bbox 582 684 622 742; x_wconf 86' lang='lat' dir='ltr'><strong>ah</strong></span> <span class='ocrx_word' id='word_1_36' title='bbox 637 681 717 742; x_wconf 88' lang='lat' dir='ltr'><strong>male</strong></span> <span class='ocrx_word' id='word_1_37' title='bbox 732 681 835 743; x_wconf 75' lang='lat' dir='ltr'><strong>diuiti·</strong></span> <span class='ocrx_word' id='word_1_38' title='bbox 852 702 950 745; x_wconf 85' lang='lat' dir='ltr'><strong>areae.</strong></span> 
     </span>
     <span class='ocr_line' id='line_1_7' title="bbox 162 766 993 846; baseline -0.001 -17"><span class='ocrx_word' id='word_1_39' title='bbox 162 768 253 846; x_wconf 81' lang='lat' dir='ltr'><strong>Quod</strong></span> <span class='ocrx_word' id='word_1_40' title='bbox 267 788 328 829; x_wconf 89' lang='lat' dir='ltr'><strong>nou</strong></span> <span class='ocrx_word' id='word_1_41' title='bbox 344 766 397 827; x_wconf 81' lang='lat' dir='ltr'><strong>das</strong></span> <span class='ocrx_word' id='word_1_42' title='bbox 413 770 527 846; x_wconf 81' lang='lat' dir='ltr'><strong>equiti,</strong></span> <span class='ocrx_word' id='word_1_43' title='bbox 548 766 701 845; x_wconf 83' lang='lat' dir='ltr'><strong>violare,</strong></span> <span class='ocrx_word' id='word_1_44' title='bbox 721 768 869 845; x_wconf 76' lang='lat' dir='ltr'>Praetor,</span> <span class='ocrx_word' id='word_1_45' title='bbox 891 769 993 846; x_wconf 75' lang='lat' dir='ltr'><strong>equo?</strong></span> 
     </span>
    </p>
   </div>
   <div class='ocr_carea' id='block_1_3' title="bbox 496 937 628 1000">
    <p class='ocr_par' dir='ltr' id='par_1_5' title="bbox 496 937 628 1000">
     <span class='ocr_line' id='line_1_8' title="bbox 496 937 628 1000; baseline 0.015 -3"><span class='ocrx_word' id='word_1_46' title='bbox 496 937 628 1000; x_wconf 85' lang='lat' dir='ltr'>LXVIII.</span> 
     </span>
    </p>
   </div>
   <div class='ocr_carea' id='block_1_4' title="bbox 116 1049 952 1214">
    <p class='ocr_par' dir='ltr' id='par_1_6' title="bbox 116 1049 952 1214">
     <span class='ocr_line' id='line_1_9' title="bbox 118 1049 867 1132; baseline -0.003 -18"><span class='ocrx_word' id='word_1_47' title='bbox 118 1054 232 1114; x_wconf 81' lang='lat' dir='ltr'><strong>Invitae</strong></span> <span class='ocrx_word' id='word_1_48' title='bbox 248 1059 371 1113; x_wconf 86' lang='lat' dir='ltr'><strong>eentum</strong></span> <span class='ocrx_word' id='word_1_49' title='bbox 387 1049 608 1132; x_wconf 76' lang='lat' dir='ltr'><strong>quadrantibus</strong></span> <span class='ocrx_word' id='word_1_50' title='bbox 623 1058 656 1111; x_wconf 90' lang='lat' dir='ltr'><strong>et</strong></span> <span class='ocrx_word' id='word_1_51' title='bbox 669 1053 751 1111; x_wconf 89' lang='lat' dir='ltr'><strong>bene</strong></span> <span class='ocrx_word' id='word_1_52' title='bbox 767 1069 867 1112; x_wconf 81' lang='lat' dir='ltr'><strong>cenas.</strong></span> 
     </span>
     <span class='ocr_line' id='line_1_10' title="bbox 116 1133 952 1214; baseline -0.007 -15"><span class='ocrx_word' id='word_1_53' title='bbox 116 1167 120 1170; x_wconf 52' lang='lat'><strong>&gt;</strong></span> <span class='ocrx_word' id='word_1_54' title='bbox 161 1137 206 1199; x_wconf 83' lang='lat' dir='ltr'><strong>Ut</strong></span> <span class='ocrx_word' id='word_1_55' title='bbox 219 1155 328 1198; x_wconf 83' lang='lat' dir='ltr'>cenem</span> <span class='ocrx_word' id='word_1_56' title='bbox 341 1137 471 1214; x_wconf 86' lang='lat' dir='ltr'><strong>iuvitor‚</strong></span> <span class='ocrx_word' id='word_1_57' title='bbox 495 1136 606 1214; x_wconf 81' lang='lat' dir='ltr'>Sexte,</span> <span class='ocrx_word' id='word_1_58' title='bbox 629 1155 667 1196; x_wconf 89' lang='lat' dir='ltr'><strong>au</strong></span> <span class='ocrx_word' id='word_1_59' title='bbox 680 1141 715 1195; x_wconf 91' lang='lat' dir='ltr'><strong>ut</strong></span> <span class='ocrx_word' id='word_1_60' title='bbox 729 1133 905 1195; x_wconf 72' lang='lat' dir='ltr'><strong>invideam?</strong></span> <span class='ocrx_word' id='word_1_61' title='bbox 948 1172 952 1178; x_wconf 89' lang='lat'><em>-</em></span> 
     </span>
    </p>
   </div>
   <div class='ocr_carea' id='block_1_5' title="bbox 508 1302 613 1363">
    <p class='ocr_par' dir='ltr' id='par_1_7' title="bbox 508 1302 613 1363">
     <span class='ocr_line' id='line_1_11' title="bbox 508 1302 613 1363; baseline 0.01 -1"><span class='ocrx_word' id='word_1_62' title='bbox 508 1302 613 1363; x_wconf 85' lang='lat' dir='ltr'>LXIX.</span> 
     </span>
    </p>
   </div>
   <div class='ocr_carea' id='block_1_6' title="bbox 118 1429 909 1766">
    <p class='ocr_par' dir='ltr' id='par_1_8' title="bbox 118 1429 909 1766">
     <span class='ocr_line' id='line_1_12' title="bbox 121 1429 906 1513; baseline -0.001 -21"><span class='ocrx_word' id='word_1_63' title='bbox 121 1432 172 1492; x_wconf 91' lang='lat' dir='ltr'><strong>Tu</strong></span> <span class='ocrx_word' id='word_1_64' title='bbox 185 1432 292 1492; x_wconf 88' lang='lat' dir='ltr'><strong>Setina</strong></span> <span class='ocrx_word' id='word_1_65' title='bbox 309 1430 434 1511; x_wconf 89' lang='lat' dir='ltr'><strong>quidem</strong></span> <span class='ocrx_word' id='word_1_66' title='bbox 449 1450 573 1511; x_wconf 80' lang='lat' dir='ltr'>semper</span> <span class='ocrx_word' id='word_1_67' title='bbox 587 1429 639 1491; x_wconf 85' lang='lat' dir='ltr'><strong>vel</strong></span> <span class='ocrx_word' id='word_1_68' title='bbox 652 1431 786 1492; x_wconf 78' lang='lat' dir='ltr'><strong>Massica</strong></span> <span class='ocrx_word' id='word_1_69' title='bbox 799 1433 906 1513; x_wconf 83' lang='lat' dir='ltr'><strong>ponis,</strong></span> 
     </span>
     <span class='ocr_line' id='line_1_13' title="bbox 160 1514 856 1598; baseline 0.001 -21"><span class='ocrx_word' id='word_1_70' title='bbox 160 1515 286 1598; x_wconf 86' lang='lat' dir='ltr'><strong>Papsse,</strong></span> <span class='ocrx_word' id='word_1_71' title='bbox 309 1514 366 1576; x_wconf 84' lang='lat' dir='ltr'><strong>aed</strong></span> <span class='ocrx_word' id='word_1_72' title='bbox 380 1535 486 1576; x_wconf 90' lang='lat' dir='ltr'><strong>rumor</strong></span> <span class='ocrx_word' id='word_1_73' title='bbox 499 1523 562 1576; x_wconf 89' lang='lat' dir='ltr'><strong>tam</strong></span> <span class='ocrx_word' id='word_1_74' title='bbox 577 1517 657 1576; x_wconf 83' lang='lat' dir='ltr'><strong>bona</strong></span> <span class='ocrx_word' id='word_1_75' title='bbox 671 1518 741 1575; x_wconf 84' lang='lat' dir='ltr'><strong>vina</strong></span> <span class='ocrx_word' id='word_1_76' title='bbox 754 1523 856 1595; x_wconf 81' lang='lat' dir='ltr'><strong>negat.</strong></span> 
     </span>
     <span class='ocr_line' id='line_1_14' title="bbox 118 1599 909 1679; baseline -0.003 -18"><span class='ocrx_word' id='word_1_77' title='bbox 118 1601 240 1663; x_wconf 86' lang='lat' dir='ltr'><strong>Dicerla</strong></span> <span class='ocrx_word' id='word_1_78' title='bbox 254 1603 312 1661; x_wconf 85' lang='lat' dir='ltr'><strong>bae</strong></span> <span class='ocrx_word' id='word_1_79' title='bbox 325 1601 425 1661; x_wconf 77' lang='lat' dir='ltr'><strong>faetus</strong></span> <span class='ocrx_word' id='word_1_80' title='bbox 443 1599 565 1660; x_wconf 78' lang='lat' dir='ltr'><strong>caelebs</strong></span> <span class='ocrx_word' id='word_1_81' title='bbox 581 1606 690 1677; x_wconf 80' lang='lat' dir='ltr'><strong>quater</strong></span> <span class='ocrx_word' id='word_1_82' title='bbox 705 1619 775 1662; x_wconf 80' lang='lat' dir='ltr'><strong>ease</strong></span> <span class='ocrx_word' id='word_1_83' title='bbox 789 1599 909 1679; x_wconf 83' lang='lat' dir='ltr'><strong>lagona.</strong></span> 
     </span>
     <span class='ocr_line' id='line_1_15' title="bbox 163 1684 865 1766; baseline 0.004 -22"><span class='ocrx_word' id='word_1_84' title='bbox 163 1685 230 1745; x_wconf 90' lang='lat' dir='ltr'><strong>Nec</strong></span> <span class='ocrx_word' id='word_1_85' title='bbox 244 1691 337 1766; x_wconf 91' lang='lat' dir='ltr'><strong>puto,</strong></span> <span class='ocrx_word' id='word_1_86' title='bbox 359 1703 418 1746; x_wconf 87' lang='lat' dir='ltr'><strong>nee</strong></span> <span class='ocrx_word' id='word_1_87' title='bbox 433 1684 546 1763; x_wconf 82' lang='lat' dir='ltr'><strong>eredo,</strong></span> <span class='ocrx_word' id='word_1_88' title='bbox 565 1684 691 1765; x_wconf 84' lang='lat' dir='ltr'><strong>PapiIe,</strong></span> <span class='ocrx_word' id='word_1_89' title='bbox 713 1704 772 1746; x_wconf 87' lang='lat' dir='ltr'><strong>nee</strong></span> <span class='ocrx_word' id='word_1_90' title='bbox 785 1687 865 1747; x_wconf 80' lang='lat' dir='ltr'><strong>sitio.</strong></span> 
     </span>
    </p>
   </div>
   <div class='ocr_carea' id='block_1_7' title="bbox 107 1809 662 1936">
    <p class='ocr_par' dir='ltr' id='par_1_9' title="bbox 107 1809 662 1936">
     <span class='ocr_line' id='line_1_16' title="bbox 107 1809 662 1936; baseline -0.002 -25"><span class='ocrx_word' id='word_1_91' title='bbox 107 1809 123 1864; x_wconf 33' lang='grc' dir='ltr'><strong>’Χ</strong></span> <span class='ocrx_word' id='word_1_92' title='bbox 483 1849 604 1936; x_wconf 66' lang='grc' dir='ltr'><strong>ω.</strong></span> <span class='ocrx_word' id='word_1_93' title='bbox 658 1812 662 1821; x_wconf 75' lang='grc'>’</span> 
     </span>
    </p>
   </div>
   <div class='ocr_carea' id='block_1_8' title="bbox 118 1962 828 2296">
    <p class='ocr_par' dir='ltr' id='par_1_10' title="bbox 118 1962 828 2213">
     <span class='ocr_line' id='line_1_17' title="bbox 118 1962 828 2044; baseline 0.003 -22"><span class='ocrx_word' id='word_1_94' title='bbox 118 1962 205 2023; x_wconf 82' lang='lat' dir='ltr'><strong>Nthl</strong></span> <span class='ocrx_word' id='word_1_95' title='bbox 218 1962 378 2023; x_wconf 84' lang='lat' dir='ltr'><strong>Ammiano</strong></span> <span class='ocrx_word' id='word_1_96' title='bbox 394 1971 520 2044; x_wconf 87' lang='lat' dir='ltr'><strong>praeter</strong></span> <span class='ocrx_word' id='word_1_97' title='bbox 535 1962 650 2024; x_wconf 85' lang='lat' dir='ltr'><strong>aridam</strong></span> <span class='ocrx_word' id='word_1_98' title='bbox 666 1970 783 2024; x_wconf 87' lang='lat' dir='ltr'><strong>restem</strong></span> <span class='ocrx_word' id='word_1_99' title='bbox 826 2019 828 2024; x_wconf 88' lang='lat'>.</span> 
     </span>
     <span class='ocr_line' id='line_1_18' title="bbox 120 2045 746 2128; baseline -0.003 -20"><span class='ocrx_word' id='word_1_100' title='bbox 120 2045 263 2108; x_wconf 82' lang='lat' dir='ltr'><strong>MorIene</strong></span> <span class='ocrx_word' id='word_1_101' title='bbox 275 2045 406 2127; x_wconf 89' lang='lat' dir='ltr'><strong>reliquit</strong></span> <span class='ocrx_word' id='word_1_102' title='bbox 419 2047 536 2108; x_wconf 81' lang='lat' dir='ltr'><strong>ultimis</strong></span> <span class='ocrx_word' id='word_1_103' title='bbox 550 2054 641 2128; x_wconf 87' lang='lat' dir='ltr'><strong>pater</strong></span> <span class='ocrx_word' id='word_1_104' title='bbox 657 2049 746 2107; x_wconf 84' lang='lat' dir='ltr'><strong>ceria.</strong></span> 
     </span>
     <span class='ocr_line' id='line_1_19' title="bbox 118 2131 760 2213; baseline -0.005 -21"><span class='ocrx_word' id='word_1_105' title='bbox 118 2131 206 2192; x_wconf 83' lang='lat' dir='ltr'><strong>Fieri</strong></span> <span class='ocrx_word' id='word_1_106' title='bbox 221 2138 347 2213; x_wconf 84' lang='lat' dir='ltr'><strong>putaret</strong></span> <span class='ocrx_word' id='word_1_107' title='bbox 360 2152 451 2213; x_wconf 79' lang='lat' dir='ltr'><strong>posse</strong></span> <span class='ocrx_word' id='word_1_108' title='bbox 467 2135 552 2213; x_wconf 86' lang='lat' dir='ltr'><strong>quis,</strong></span> <span class='ocrx_word' id='word_1_109' title='bbox 574 2131 760 2207; x_wconf 82' lang='lat' dir='ltr'><strong>MaruIIIne,</strong></span> 
     </span>
    </p>

    <p class='ocr_par' dir='ltr' id='par_1_11' title="bbox 119 2213 788 2296">
     <span class='ocr_line' id='line_1_20' title="bbox 119 2213 788 2296; baseline -0.006 -20"><span class='ocrx_word' id='word_1_110' title='bbox 119 2216 163 2276; x_wconf 90' lang='lat' dir='ltr'><strong>Ut</strong></span> <span class='ocrx_word' id='word_1_111' title='bbox 176 2217 353 2277; x_wconf 74' lang='lat' dir='ltr'><strong>Ammianus</strong></span> <span class='ocrx_word' id='word_1_112' title='bbox 367 2223 519 2277; x_wconf 87' lang='lat' dir='ltr'><strong>mortuum</strong></span> <span class='ocrx_word' id='word_1_113' title='bbox 533 2221 652 2296; x_wconf 88' lang='lat' dir='ltr'><strong>patrem</strong></span> <span class='ocrx_word' id='word_1_114' title='bbox 667 2213 788 2274; x_wconf 75' lang='lat' dir='ltr'><strong>nollet?</strong></span> 
     </span>
    </p>
   </div>
   <div class='ocr_carea' id='block_1_9' title="bbox 506 2380 682 2440">
    <p class='ocr_par' dir='ltr' id='par_1_12' title="bbox 506 2380 682 2440">
     <span class='ocr_line' id='line_1_21' title="bbox 506 2380 682 2440; baseline 0 0"><span class='ocrx_word' id='word_1_115' title='bbox 506 2380 612 2440; x_wconf 91' lang='lat' dir='ltr'>LXXI.</span> <span class='ocrx_word' id='word_1_116' title='bbox 680 2400 682 2403; x_wconf 87' lang='lat'>·</span> 
     </span>
    </p>
   </div>
   <div class='ocr_carea' id='block_1_10' title="bbox 96 2492 1023 2992">
    <p class='ocr_par' dir='ltr' id='par_1_13' title="bbox 96 2492 1023 2992">
     <span class='ocr_line' id='line_1_22' title="bbox 121 2492 913 2571; baseline -0.005 -17"><span class='ocrx_word' id='word_1_117' title='bbox 121 2494 243 2571; x_wconf 80' lang='lat' dir='ltr'><strong>Quaero</strong></span> <span class='ocrx_word' id='word_1_118' title='bbox 259 2493 313 2554; x_wconf 82' lang='lat' dir='ltr'><strong>diu</strong></span> <span class='ocrx_word' id='word_1_119' title='bbox 327 2499 439 2571; x_wconf 81' lang='lat' dir='ltr'><strong>totam,</strong></span> <span class='ocrx_word' id='word_1_120' title='bbox 460 2493 584 2554; x_wconf 86' lang='lat' dir='ltr'><strong>Safroni</strong></span> <span class='ocrx_word' id='word_1_121' title='bbox 599 2492 695 2569; x_wconf 82' lang='lat' dir='ltr'><strong>Rufe,</strong></span> <span class='ocrx_word' id='word_1_122' title='bbox 716 2509 774 2571; x_wconf 90' lang='lat' dir='ltr'><strong>per</strong></span> <span class='ocrx_word' id='word_1_123' title='bbox 788 2493 913 2568; x_wconf 87' lang='lat' dir='ltr'><strong>urbem,</strong></span> 
     </span>
     <span class='ocr_line' id='line_1_23' title="bbox 165 2574 862 2658; baseline -0.001 -19"><span class='ocrx_word' id='word_1_124' title='bbox 165 2578 199 2639; x_wconf 90' lang='lat' dir='ltr'><strong>SI</strong></span> <span class='ocrx_word' id='word_1_125' title='bbox 214 2598 273 2657; x_wconf 90' lang='lat' dir='ltr'><strong>qua</strong></span> <span class='ocrx_word' id='word_1_126' title='bbox 288 2577 391 2658; x_wconf 89' lang='lat' dir='ltr'><strong>puella</strong></span> <span class='ocrx_word' id='word_1_127' title='bbox 406 2585 515 2656; x_wconf 84' lang='lat' dir='ltr'><strong>neget:</strong></span> <span class='ocrx_word' id='word_1_128' title='bbox 537 2576 624 2638; x_wconf 89' lang='lat' dir='ltr'><strong>nulla</strong></span> <span class='ocrx_word' id='word_1_129' title='bbox 642 2574 747 2657; x_wconf 89' lang='lat' dir='ltr'><strong>puella</strong></span> <span class='ocrx_word' id='word_1_130' title='bbox 760 2581 862 2654; x_wconf 80' lang='lat' dir='ltr'><strong>negat.</strong></span> 
     </span>
     <span class='ocr_line' id='line_1_24' title="bbox 122 2662 968 2741; baseline -0.006 -18"><span class='ocrx_word' id='word_1_131' title='bbox 122 2663 282 2741; x_wconf 83' lang='lat' dir='ltr'><strong>Tanquam</strong></span> <span class='ocrx_word' id='word_1_132' title='bbox 296 2662 343 2722; x_wconf 82' lang='lat' dir='ltr'><strong>ias</strong></span> <span class='ocrx_word' id='word_1_133' title='bbox 358 2682 420 2723; x_wconf 91' lang='lat' dir='ltr'><strong>nou</strong></span> <span class='ocrx_word' id='word_1_134' title='bbox 435 2663 493 2741; x_wconf 83' lang='lat' dir='ltr'><strong>ait,</strong></span> <span class='ocrx_word' id='word_1_135' title='bbox 516 2670 659 2741; x_wconf 87' lang='lat' dir='ltr'><strong>tanquam</strong></span> <span class='ocrx_word' id='word_1_136' title='bbox 675 2663 716 2720; x_wconf 83' lang='lat' dir='ltr'><strong>sit</strong></span> <span class='ocrx_word' id='word_1_137' title='bbox 730 2667 821 2740; x_wconf 89' lang='lat' dir='ltr'><strong>turpe</strong></span> <span class='ocrx_word' id='word_1_138' title='bbox 836 2677 968 2738; x_wconf 81' lang='lat' dir='ltr'><strong>negare,</strong></span> 
     </span>
     <span class='ocr_line' id='line_1_25' title="bbox 164 2743 871 2827; baseline -0.001 -20"><span class='ocrx_word' id='word_1_139' title='bbox 164 2747 324 2826; x_wconf 88' lang='lat' dir='ltr'><strong>Tanquam</strong></span> <span class='ocrx_word' id='word_1_140' title='bbox 340 2766 403 2826; x_wconf 87' lang='lat' dir='ltr'><strong>nou</strong></span> <span class='ocrx_word' id='word_1_141' title='bbox 416 2745 526 2807; x_wconf 85' lang='lat' dir='ltr'><strong>liceat:</strong></span> <span class='ocrx_word' id='word_1_142' title='bbox 547 2744 635 2806; x_wconf 85' lang='lat' dir='ltr'><strong>nulla</strong></span> <span class='ocrx_word' id='word_1_143' title='bbox 649 2743 756 2827; x_wconf 86' lang='lat' dir='ltr'><strong>puella</strong></span> <span class='ocrx_word' id='word_1_144' title='bbox 771 2751 871 2823; x_wconf 78' lang='lat' dir='ltr'><strong>negat.</strong></span> 
     </span>
     <span class='ocr_line' id='line_1_26' title="bbox 96 2827 1023 2910; baseline -0.008 -17"><span class='ocrx_word' id='word_1_145' title='bbox 96 2832 215 2893; x_wconf 72' lang='lat' dir='ltr'><strong>acuta</strong></span> <span class='ocrx_word' id='word_1_146' title='bbox 229 2832 324 2910; x_wconf 83' lang='lat' dir='ltr'><strong>IgItur</strong></span> <span class='ocrx_word' id='word_1_147' title='bbox 339 2829 423 2890; x_wconf 88' lang='lat' dir='ltr'><strong>nulla</strong></span> <span class='ocrx_word' id='word_1_148' title='bbox 438 2831 509 2891; x_wconf 74' lang='lat' dir='ltr'><strong>eat?</strong></span> <span class='ocrx_word' id='word_1_149' title='bbox 530 2837 601 2890; x_wconf 81' lang='lat' dir='ltr'><strong>suut</strong></span> <span class='ocrx_word' id='word_1_150' title='bbox 616 2837 717 2889; x_wconf 84' lang='lat' dir='ltr'><strong>enatae</strong></span> <span class='ocrx_word' id='word_1_151' title='bbox 732 2827 835 2889; x_wconf 89' lang='lat' dir='ltr'><strong>miIIe:</strong></span> <span class='ocrx_word' id='word_1_152' title='bbox 859 2827 931 2908; x_wconf 87' lang='lat' dir='ltr'><strong>quid</strong></span> <span class='ocrx_word' id='word_1_153' title='bbox 947 2845 1023 2906; x_wconf 81' lang='lat' dir='ltr'><strong>ergo</strong></span> 
     </span>
     <span class='ocr_line' id='line_1_27' title="bbox 165 2912 925 2992; baseline -0.005 -16"><span class='ocrx_word' id='word_1_154' title='bbox 165 2917 258 2976; x_wconf 78' lang='lat' dir='ltr'><strong>Canta</strong></span> <span class='ocrx_word' id='word_1_155' title='bbox 272 2915 371 2975; x_wconf 75' lang='lat' dir='ltr'><strong>iacit?</strong></span> <span class='ocrx_word' id='word_1_156' title='bbox 391 2935 454 2975; x_wconf 91' lang='lat' dir='ltr'><strong>uon</strong></span> <span class='ocrx_word' id='word_1_157' title='bbox 470 2914 538 2992; x_wconf 86' lang='lat' dir='ltr'><strong>det,</strong></span> <span class='ocrx_word' id='word_1_158' title='bbox 561 2935 622 2975; x_wconf 90' lang='lat' dir='ltr'><strong>uon</strong></span> <span class='ocrx_word' id='word_1_159' title='bbox 639 2921 740 2974; x_wconf 88' lang='lat' dir='ltr'><strong>tamen</strong></span> <span class='ocrx_word' id='word_1_160' title='bbox 755 2912 810 2974; x_wconf 88' lang='lat' dir='ltr'><strong>illa</strong></span> <span class='ocrx_word' id='word_1_161' title='bbox 824 2920 925 2991; x_wconf 83' lang='lat' dir='ltr'><strong>negat.</strong></span> 
     </span>
    </p>
   </div>
   <div class='ocr_carea' id='block_1_11' title="bbox 500 3079 619 3139">
    <p class='ocr_par' dir='ltr' id='par_1_14' title="bbox 500 3079 619 3139">
     <span class='ocr_line' id='line_1_28' title="bbox 500 3079 619 3139; baseline -0.008 0"><span class='ocrx_word' id='word_1_162' title='bbox 500 3079 619 3139; x_wconf 89' lang='lat' dir='ltr'>LXXII.</span> 
     </span>
    </p>
   </div>
   <div class='ocr_carea' id='block_1_12' title="bbox 119 3186 1002 3525">
    <p class='ocr_par' dir='ltr' id='par_1_15' title="bbox 119 3186 1002 3355">
     <span class='ocr_line' id='line_1_29' title="bbox 119 3186 1002 3273; baseline -0.008 -18"><span class='ocrx_word' id='word_1_163' title='bbox 119 3193 243 3273; x_wconf 76' lang='lat' dir='ltr'><strong>Exigu,</strong></span> <span class='ocrx_word' id='word_1_164' title='bbox 264 3201 299 3254; x_wconf 94' lang='lat' dir='ltr'><strong>ut</strong></span> <span class='ocrx_word' id='word_1_165' title='bbox 314 3191 426 3253; x_wconf 86' lang='lat' dir='ltr'><strong>donem</strong></span> <span class='ocrx_word' id='word_1_166' title='bbox 442 3198 565 3252; x_wconf 81' lang='lat' dir='ltr'><strong>nostros</strong></span> <span class='ocrx_word' id='word_1_167' title='bbox 580 3192 654 3268; x_wconf 79' lang='lat' dir='ltr'><strong>tibi,</strong></span> <span class='ocrx_word' id='word_1_168' title='bbox 678 3191 807 3267; x_wconf 81' lang='lat' dir='ltr'><strong>Quinte,</strong></span> <span class='ocrx_word' id='word_1_169' title='bbox 827 3186 964 3250; x_wconf 82' lang='lat' dir='ltr'><strong>libellos.</strong></span> <span class='ocrx_word' id='word_1_170' title='bbox 996 3209 1002 3222; x_wconf 76' lang='grc'><em>·</em></span> 
     </span>
     <span class='ocr_line' id='line_1_30' title="bbox 161 3274 909 3355; baseline -0.007 -17"><span class='ocrx_word' id='word_1_171' title='bbox 161 3279 231 3338; x_wconf 92' lang='lat' dir='ltr'><strong>Nou</strong></span> <span class='ocrx_word' id='word_1_172' title='bbox 247 3279 363 3355; x_wconf 88' lang='lat' dir='ltr'><strong>habeo,</strong></span> <span class='ocrx_word' id='word_1_173' title='bbox 386 3275 443 3337; x_wconf 81' lang='lat' dir='ltr'><strong>aed</strong></span> <span class='ocrx_word' id='word_1_174' title='bbox 457 3277 552 3335; x_wconf 86' lang='lat' dir='ltr'><strong>habet</strong></span> <span class='ocrx_word' id='word_1_175' title='bbox 564 3274 732 3354; x_wconf 85' lang='lat' dir='ltr'><strong>bibliopola</strong></span> <span class='ocrx_word' id='word_1_176' title='bbox 749 3274 909 3353; x_wconf 82' lang='lat' dir='ltr'><strong>Tryphon.</strong></span> 
     </span>
    </p>

    <p class='ocr_par' dir='ltr' id='par_1_16' title="bbox 119 3356 982 3525">
     <span class='ocr_line' id='line_1_31' title="bbox 119 3356 982 3442; baseline -0.007 -21"><span class='ocrx_word' id='word_1_177' title='bbox 119 3364 206 3441; x_wconf 82' lang='lat' dir='ltr'><strong>„Aeo</strong></span> <span class='ocrx_word' id='word_1_178' title='bbox 221 3361 300 3423; x_wconf 84' lang='lat' dir='ltr'><strong>dabo</strong></span> <span class='ocrx_word' id='word_1_179' title='bbox 315 3381 373 3442; x_wconf 90' lang='lat' dir='ltr'><strong>pro</strong></span> <span class='ocrx_word' id='word_1_180' title='bbox 387 3361 477 3439; x_wconf 82' lang='lat' dir='ltr'><strong>nugis</strong></span> <span class='ocrx_word' id='word_1_181' title='bbox 492 3366 525 3419; x_wconf 91' lang='lat' dir='ltr'><strong>et</strong></span> <span class='ocrx_word' id='word_1_182' title='bbox 542 3377 640 3418; x_wconf 91' lang='lat' dir='ltr'><strong>emam</strong></span> <span class='ocrx_word' id='word_1_183' title='bbox 653 3365 706 3417; x_wconf 90' lang='lat' dir='ltr'><strong>tua</strong></span> <span class='ocrx_word' id='word_1_184' title='bbox 720 3359 854 3417; x_wconf 85' lang='lat' dir='ltr'><strong>earmina</strong></span> <span class='ocrx_word' id='word_1_185' title='bbox 869 3356 982 3417; x_wconf 68' lang='lat' dir='ltr'><strong>senua?</strong></span> 
     </span>
     <span class='ocr_line' id='line_1_32' title="bbox 161 3441 905 3525; baseline -0.007 -19"><span class='ocrx_word' id='word_1_186' title='bbox 161 3447 253 3506; x_wconf 89' lang='lat' dir='ltr'><strong>Nou“</strong></span> <span class='ocrx_word' id='word_1_187' title='bbox 268 3447 371 3525; x_wconf 75' lang='lat' dir='ltr'><strong>iuquit</strong></span> <span class='ocrx_word' id='word_1_188' title='bbox 385 3444 516 3525; x_wconf 86' lang='lat' dir='ltr'><strong>„faciam</strong></span> <span class='ocrx_word' id='word_1_189' title='bbox 531 3450 593 3504; x_wconf 90' lang='lat' dir='ltr'><strong>tam</strong></span> <span class='ocrx_word' id='word_1_190' title='bbox 605 3442 722 3503; x_wconf 82' lang='lat' dir='ltr'><strong>latue.“</strong></span> <span class='ocrx_word' id='word_1_191' title='bbox 750 3441 820 3501; x_wconf 76' lang='lat' dir='ltr'><strong>ileu</strong></span> <span class='ocrx_word' id='word_1_192' title='bbox 831 3459 905 3520; x_wconf 62' lang='lat' dir='ltr'><strong>eqo.</strong></span> 
     </span>
    </p>
   </div>
   <div class='ocr_carea' id='block_1_13' title="bbox 0 0 1190 3840">
    <p class='ocr_par' dir='ltr' id='par_1_17' title="bbox 0 0 1190 3840">
     <span class='ocr_line' id='line_1_33' title="bbox 0 0 1190 3840; baseline 0 0"><span class='ocrx_word' id='word_1_193' title='bbox 0 0 1190 3840; x_wconf 95' lang='lat' dir='ltr'><strong> </strong></span> 
     </span>
    </p>
   </div>
  </div>
 </body>
</html>
