2370 3840
304 158 643 222 EPIGRAMMA'I'ON
661 159 790 223 LIBER.

113 315 166 378 Sic
179 315 275 376 miser
290 314 443 372 Instantes
457 311 568 372 affutus
581 308 695 371 dicitur
709 308 823 371 undas:

153 398 298 480 „Parcite
314 396 385 456 dum
398 413 552 476 propero,
572 395 704 473 mergite
717 413 785 455 cum
799 391 928 455 redeo.“

494 528 603 591 xxvi.

110 647 199 708 Lusit
212 643 381 708 Nereidum
396 641 505 704 docssis
521 644 634 704 chorus
647 661 783 722 aequore
796 649 863 706 toto

150 731 192 793 Iit
205 732 289 792 vario
299 727 409 790 faciles
421 726 529 788 ordine
544 728 644 807 pinxit
658 746 761 806 aquas.

108 815 242 876 Fuscins
257 813 352 875 dente
366 813 467 872 minu
481 818 568 872 recto
585 810 661 889 fait,
675 830 786 871 ancora
801 830 911 873 curvo:

152 897 348 960 credidimus
362 914 480 957 remum
496 892 746 974 credidimusqne
758 902 873 975 ratem,

84 981 151 1045 unt
165 988 284 1060 gratum
298 982 398 1042 nautis
413 978 497 1040 sidus
509 978 631 1058 fulgere
643 978 798 1040 Lucanum

149 1066 288 1146 Lataquc
298 1065 463 1146 perspicuo
477 1061 547 1125 vela
558 1067 680 1124 tumere
695 1064 773 1124 sInu.

108 1149 184 1228 Quis
199 1156 301 1211 tuntas
313 1146 441 1228 liquidis
454 1152 538 1208 artes
551 1148 670 1208 invenit
681 1147 714 1207 in
726 1145 840 1208 undIsi

148 1234 212 1294 Aut
227 1233 333 1296 docuit
345 1233 431 1295 lusus
444 1231 502 1292 hos
516 1231 628 1291 Thetis
642 1236 694 1291 aut
707 1229 824 1292 didicit.

485 1365 607 1428 XXVII.

108 1477 502 1559 Sseculccarpcphorum,
526 1476 657 1555 Caesar,
680 1478 707 1536 si
722 1477 826 1556 prisca
839 1473 1002 1554 tulissent,

149 1558 222 1624 Non
237 1562 338 1622 aleret
352 1579 464 1623 soccus
478 1560 611 1621 barbara
623 1566 710 1620 terro
723 1560 825 1638 feras,

106 1646 175 1708 Non
188 1645 355 1707 Marathon
367 1651 505 1723 taurum,
522 1644 638 1705 Nemee
649 1642 797 1705 frondosa
810 1643 950 1722 leonem,

147 1730 244 1790 Arcas
259 1726 448 1790 Maenalium
461 1748 523 1790 non
537 1729 694 1789 timuisset
707 1747 823 1810 aprum.

85 1813 178 1876 5Hoc
190 1818 327 1874 armante
341 1832 447 1873 manus
459 1812 577 1892 hydrae
588 1832 671 1873 mors
683 1832 744 1873 nna
754 1813 880 1890 fuisset,

148 1897 229 1958 Huic
242 1915 390 1977 percussa
399 1896 484 1957 foret
498 1902 565 1956 tota
580 1896 743 1958 Chimaera
756 1895 860 1957 semel.
901 1962 904 1967 ,

106 1979 257 2060 IgniIeros
269 1981 368 2061 possit
382 1980 449 2040 sine
464 1978 616 2042 Colchide
628 1982 758 2060 iungere
769 1987 890 2058 tauros,

148 2064 252 2126 Possit
266 2070 428 2143 utramque
442 2065 540 2125 feram
554 2066 679 2126 vincere
691 2064 867 2145 Pasiphaes.
980 2075 983 2079 '

108 2147 141 2209 Si
156 2149 213 2228 sit,
235 2155 269 2209 ut
283 2150 430 2227 aequorei
445 2154 609 2228 revocetur
623 2146 727 2209 fabula
741 2147 887 2225 monstri,

67 2243 101 2295 10
146 2233 306 2294 Hesionen
319 2231 421 2293 solvet
432 2230 516 2294 solus
529 2239 563 2294 ct
575 2231 806 2293 Andromedan.

107 2316 281 2380 Herculeae
292 2316 392 2377 laudis
404 2322 585 2378 numeretur
600 2315 713 2396 gloria:
734 2315 804 2398 plus
820 2322 869 2377 est

146 2400 199 2461 Bis
213 2400 308 2462 denas
322 2401 440 2481 pariter
454 2402 667 2482 perdomuisse
682 2401 775 2462 ieras.

469 2535 604 2598 XXVIII.

104 2648 235 2726 Augusti
249 2646 339 2708 labor
350 2649 402 2709 hic
415 2648 519 2711 inerat
533 2648 727 2709 committere
740 2644 856 2708 classes
983 2640 987 2646 ’

147 2733 190 2793 Et
199 2731 282 2792 freta
291 2731 390 2793 naroli
402 2731 571 2793 sollicitare
586 2732 669 2796 tuba.

107 2815 248 2876 caesaris
263 2816 341 2876 haec
353 2818 452 2876 nostri
465 2835 538 2896 pars
553 2820 602 2876 est
615 2815 731 2895 quotai
745 2814 823 2875 vidit
837 2816 870 2875 in
885 2815 977 2877 undis

147 2901 190 2961 Et
202 2899 315 2960 Thetis
329 2901 450 2980 Ignotos
462 2908 496 2960 et
508 2898 636 2961 Galatea
648 2899 751 2975 feras;

84 2981 196 3045 ovidio
211 2985 244 3044 In
256 3003 410 3064 aequoreo
423 2985 582 3044 ferventes
596 2982 725 3064 pulvere
741 3002 849 3045 currus

147 3068 190 3128 nt
204 3067 320 3128 domini
335 3068 447 3128 TrIton
459 3069 522 3128 isse
532 3068 651 3147 putavit
665 3085 776 3147 equos:

104 3150 246 3229 liumque
260 3157 348 3233 parat
362 3152 460 3212 saevIs
474 3152 592 3212 ratibus
607 3151 675 3210 fera
688 3149 808 3231 praelia
822 3149 959 3230 Nereus,

147 3234 280 3296 Horruit
294 3236 327 3295 in
340 3233 466 3315 liquidis
479 3237 528 3295 ire
542 3231 691 3315 pedester
706 3237 801 3312 aquis.

107 3317 265 3399 Quidquid
280 3324 312 3379 et
325 3320 358 3379 In
373 3319 464 3380 Circo
479 3324 638 3399 spectatur
653 3324 686 3378 et
700 3316 953 3398 Amphitheatro,

66 3411 99 3464 10
146 3402 239 3464 Dives
256 3402 408 3465 caesarea
421 3405 579 3483 praestitit
592 3400 673 3466 unda
687 3402 755 3464 tibi.

1049 159 1068 223 ⁷
1150 229 1155 237 .
