2370 3840
300 216 640 310 EPIGRAMMATON
655 218 730 278 LIB.
744 219 807 279 XII.
1015 220 1078 284 289

121 371 210 449 Quod
224 391 284 433 non
299 372 429 452 aprima
444 370 614 430 discurram
628 368 699 431 luce
715 388 773 451 per
787 373 896 432 urbem

162 457 203 515 lat
216 455 351 516 referam
363 454 461 515 lassus
476 455 560 514 basia
575 454 659 515 millo
675 453 806 516 domum.

59 565 61 569 ’
98 539 187 603 5Sed
201 547 235 599 tu
249 543 414 620 purpureis
429 544 464 598 ut
479 538 534 598 des
548 558 626 598 nova
638 540 762 599 nomIna
777 539 882 617 fastu,

164 626 226 684 Aut
240 622 409 684 Nomadum
423 629 532 702 gentes
547 622 800 703 Cappadocumve
814 641 920 703 regas:

122 708 164 768 At
177 708 268 787 mth,
290 727 381 788 quem
394 708 478 786 cogis
493 706 611 767 medios
627 709 812 786 obrumpere
829 725 951 767 somnos

162 793 203 852 Εἰ
217 795 399 853 matutInum
414 792 500 852 Ierre
514 792 639 871 patique
654 788 769 868 lutum,

121 875 203 952 Quid
216 877 356 957 petItur‘I
384 876 486 958 Rupta
500 894 568 935 cum
582 894 638 955 pes
653 893 744 953 vagus
760 875 823 933 exit
838 871 920 934 aluta

84 970 118 1023 lt)
165 961 340 1022 lucrabitur
357 978 479 1020 crassae
495 957 613 1019 decidit
629 960 729 1019 imber
745 976 858 1037 aquae,

120 1044 186 1105 Nec
199 1046 285 1104 venit
302 1041 412 1104 ablatis
427 1041 574 1103 clamatus
589 1062 684 1103 verna
697 1042 852 1119 lacernis,

163 1128 294 1189 Accedit
308 1127 440 1207 gelidam
456 1146 561 1188 serras
577 1126 616 1187 ad
631 1124 815 1203 audaciam,

118 1212 160 1271 Et
174 1211 294 1291 „Rogat
308 1219 343 1273 ut
356 1231 461 1273 secum
476 1230 569 1272 cenes
585 1211 770 1272 Laetorius“
785 1209 895 1287 inquii.

161 1297 280 1374 Viginti
294 1297 448 1357 nummis?
468 1315 531 1356 non
546 1314 618 1374 ego:
640 1293 719 1355 malo
734 1295 862 1371 famem,

80 1387 112 1440 15
121 1379 216 1455 Quam
232 1380 273 1438 sit
287 1399 362 1440 cena
377 1380 469 1457 mihi,
490 1380 548 1439 tibi
563 1381 604 1439 sit
616 1378 773 1459 provincia
787 1393 923 1453 merces,

160 1463 202 1521 Et
215 1462 361 1523 faciamus
377 1462 476 1541 idem,
498 1480 557 1521 nec
571 1480 744 1522 mereamur
759 1460 851 1522 idem.

495 1595 617 1659 XXVII.

119 1712 147 1772 A
161 1710 332 1772 latronibus
348 1729 417 1772 esse
433 1717 465 1772 te
482 1712 613 1772 fututam

119 1796 220 1875 Dicis,
243 1796 368 1856 Saenia:
392 1795 448 1856 sed
462 1801 576 1876 nogant
589 1794 736 1861 latrones.

440 1927 443 1933 ’
491 1928 627 1992 XXVIII.

118 2039 197 2100 Poto
213 2056 270 2117 ego
285 2042 457 2117 sextantes,
479 2046 513 2099 tu
525 2046 630 2119 potas,
654 2040 768 2116 (IInna,
791 2037 943 2119 deuncos,

159 2123 201 2182 ut
216 2122 357 2200 quereris
373 2121 455 2201 quod
469 2141 547 2200 non,
570 2123 682 2200 Cinna,
704 2123 842 2182 bibamus
856 2122 961 2184 idem?

505 2255 613 2317 XXIX.

119 2367 335 2447 Hermogenes
349 2373 453 2428 tantus
465 2387 657 2448 mapparum,
677 2367 853 2445 †Pontice‚
874 2369 926 2430 fur
940 2373 1005 2452 est,

163 2452 301 2527 Quantus
316 2471 506 2512 nummorum
519 2454 585 2531 via,
604 2457 697 2533 puto,
721 2452 823 2512 Massa
836 2452 905 2512 fuit.
1023 2513 1025 2517 .

120 2535 170 2594 Tu
183 2535 260 2596 licet
275 2539 420 2597 observes
436 2535 574 2596 dextram
589 2542 758 2615 teneasque
773 2537 944 2617 siuistram‚

160 2620 315 2698 loventot,
336 2641 476 2701 mappam
492 2641 551 2700 qua
566 2621 686 2681 ratione
701 2620 813 2680 trahat.
938 2664 941 2668 -

99 2702 274 2764 werricus
290 2703 424 2782 gelidum
439 2707 546 2765 sorbet
560 2705 605 2764 sic
619 2703 732 2763 halitus
748 2722 894 2783 anguem,

162 2787 292 2847 Casuras
308 2787 370 2847 alte
385 2790 430 2847 sio
445 2789 527 2868 rapit
541 2789 598 2846 Iris
614 2806 716 2865 aquas.

119 2869 226 2948 Nuper
242 2889 309 2930 cum
324 2871 450 2950 Myrino
462 2876 625 2951 peteretur
640 2871 745 2930 missio
759 2869 858 2950 laeso,

163 2951 316 3014 Subduxit
328 2974 452 3034 mappas
469 2961 614 3034 quattuor
627 2955 850 3033 Hermogenes.

122 3037 278 3097 Cretatam
294 3045 421 3121 praetor
437 3058 505 3098 cum
519 3038 615 3099 vellet
629 3040 754 3100 mIttere
768 3059 924 3119 mappam,

83 3130 115 3181 lo
161 3121 305 3182 Praetori
321 3141 460 3201 mappam
477 3125 598 3204 surpuit
612 3123 834 3202 Hermogenes.

120 3204 277 3265 Attulerat
292 3226 429 3286 mappam
443 3226 551 3285 nemo,
573 3207 644 3267 dum
657 3207 740 3267 furta
754 3209 918 3268 timentur:

161 3287 293 3350 Mantile
309 3309 445 3350 emensa
460 3292 579 3372 surpuit
593 3292 814 3371 Hermogenes.

121 3368 189 3431 Hoc
206 3392 326 3454 quoque
345 3375 371 3434 si
384 3372 502 3453 deerit,
525 3375 642 3436 medIos
659 3374 833 3453 discingere
848 3371 950 3434 lectos

66 3523 73 3541 Δ
122 3454 404 3597 MItieusarumqoe
418 3459 516 3542 pedes
531 3478 594 3520 non
608 3460 697 3520 timet
711 3460 935 3600 Hermoggnes.

161 3558 230 3604 aar.
