2370 3840
421 193 465 254 M.
482 191 574 254 VAL.
591 189 818 252 MARTIALIS

589 393 652 454 LII.

184 507 277 569 Novit
288 505 405 567 loturae
420 507 529 567 Dacius
544 473 724 566 numerare:
745 508 889 587 poposcit

224 592 426 663 Mammosam
441 590 589 672 Spatalen
603 610 662 670 pro
677 592 793 651 tribur:
814 588 871 652 illa
886 588 984 652 dedit.

526 732 528 737 ’
588 726 663 787 LIlI.

184 838 241 904 Via
254 840 326 900 fieri
339 837 444 920 liberi
464 839 624 917 mentiris,
644 839 797 916 Maxime,
819 858 881 898 non
895 839 956 898 vis:

227 922 290 985 Sed
305 924 376 983 lieri
391 924 417 983 ai
432 924 494 1001 via,
514 923 572 982 lruc
586 924 708 983 ratione
723 928 822 1003 potes.

182 1007 279 1069 Liber
294 1008 374 1085 eris,
397 1026 510 1068 cenare
522 1008 602 1068 foria
617 1009 660 1086 ul,
682 1007 835 1084 Maxime,
855 1004 961 1085 nclea,

227 1092 403 1154 Veientana
416 1097 500 1151 tuam
514 1093 541 1152 ei
557 1089 730 1152 dematura
744 1092 843 1168 ultim,

163 1176 222 1238 tsi
234 1175 342 1241 ridere
356 1181 447 1256 poter
462 1177 569 1237 miseri
584 1174 792 1256 chrysendeta
806 1176 940 1255 Cinnae,

227 1262 400 1322 Contentus
414 1267 520 1321 nostra
535 1261 562 1320 ai
576 1266 667 1341 poten
682 1278 752 1320 erse
768 1266 856 1339 toga,

185 1344 218 1405 Si
232 1344 358 1425 plebeia
373 1346 479 1408 Venus
494 1345 615 1424 gemino
631 1345 689 1404 tibi
703 1345 837 1404 vincitur
853 1362 937 1423 aare,

227 1429 261 1489 Si
274 1436 328 1490 tua
341 1449 403 1489 non
419 1435 524 1489 rectus
539 1436 623 1491 tecta
636 1430 741 1489 subire
755 1435 856 1509 potes.

183 1512 270 1573 Ilaec
284 1514 343 1573 tibi
357 1514 385 1572 ai
398 1514 444 1573 vir
460 1519 524 1591 eat,
547 1515 574 1573 ui
587 1514 700 1574 mentia
715 1520 801 1572 tauta
814 1518 971 1593 potestas,

142 1607 178 1659 lo
225 1596 371 1658 Liberior
384 1597 501 1657 Partho
515 1599 621 1658 vieere
635 1615 711 1675 rege
725 1603 826 1678 poter.
939 1635 952 1647 ι

580 1744 659 1809 LIV.

185 1859 267 1936 Quid
282 1858 321 1920 de
336 1865 386 1935 te,
408 1857 504 1936 Line,
526 1860 701 1938 auspicetur
714 1879 791 1920 uxor
889 1884 891 1889 ·

184 1943 227 2006 Et
242 1964 302 2024 qua
316 1948 406 2024 parte
420 1939 498 2002 velit
511 1941 720 2023 pudiciorem,

185 2028 290 2089 Gertia
304 2026 427 2088 indiciis
442 2027 516 2086 satia
529 2029 686 2108 probavit,

185 2112 354 2175 Custodem
368 2111 426 2173 tibi
441 2130 519 2191 quae
535 2111 623 2173 dedit
637 2112 813 2195 spadonem.

162 2197 239 2281 5Nil
252 2198 390 2258 nasutius
403 2195 461 2256 hac
477 2195 701 2278 maligniuaque
717 2204 775 2259 est.
826 2261 828 2266 ,

588 2331 654 2393 LV.

183 2441 240 2504 Vis
254 2448 303 2520 te,
326 2443 437 2520 Sexte,
459 2442 536 2502 coll:
558 2441 699 2503 volebam
714 2462 826 2505 amare.

183 2524 359 2587 Parendum
373 2532 423 2587 eat
436 2527 510 2586 tibl:
533 2524 615 2606 quod
629 2527 734 2606 inber,
757 2526 886 2588 celeria:

185 2607 248 2669 Sed
263 2611 290 2670 ιί
304 2617 336 2670 te
353 2609 438 2688 colo,
461 2609 571 2689 Sexte,
591 2630 653 2670 non
669 2613 783 2673 amabo.

585 2745 663 2808 LVI.

187 2855 340 2917 Gentibus
353 2858 387 2917 in
400 2857 526 2939 Libycis
541 2867 702 2939 uxortua,
725 2859 833 2940 Galle,
855 2859 936 2922 male
951 2859 1037 2923 audit

226 2939 411 3002 lminodicae
425 2940 518 3003 laedo
534 2945 664 3006 crimine
680 2947 834 3007 avaritiae.

184 3021 248 3082 Sed
262 3043 347 3086 mera
360 3034 525 3087 narrantur
539 3029 714 3090 mendacia:
736 3050 798 3090 non
813 3029 896 3091 solet
908 3029 963 3090 illa

225 3108 378 3190 Accipere
393 3111 525 3173 omnino.
557 3112 639 3188 Quid
653 3113 735 3176 uolet
749 3115 849 3194 ergo?
877 3113 968 3173 Dare.

577 3246 669 3309 LVII.

183 3353 244 3413 llic
260 3373 350 3432 quem
364 3354 477 3417 videtis
492 3359 649 3436 gressibus
662 3360 746 3436 vagia
759 3358 895 3437 lentum,

184 3438 451 3521 AmethystInatur
465 3440 567 3503 media
582 3444 635 3522 qui
649 3449 735 3503 secat
750 3443 862 3524 Septa,
984 3461 986 3464 ’
