2370 3840
310 187 651 250 EPIGRAMMATON
665 188 739 250 LIB.
755 190 807 252 IV.
1023 189 1085 255 103

477 390 641 452 LXXVIII.

123 508 261 571 Condita
275 526 343 566 cum
357 506 415 566 tibi
430 507 471 566 sit
485 506 546 565 iam
559 505 747 583 sexagesima
762 509 871 568 messis

167 594 210 654 Et
224 591 321 652 facies
335 588 433 650 multo
449 588 614 670 splendeat
627 588 696 650 alba
710 588 793 668 pilo,

37 735 40 741 .
124 677 282 738 Discurris
294 682 361 735 tota
376 693 469 753 vagus
483 675 580 751 urbe,
602 689 661 732 nec
675 672 738 732 ulla
754 674 902 737 cathedra
916 683 981 759 est,

168 761 228 822 cui
241 778 304 819 non
318 776 408 819 mane
421 759 505 818 ieras
519 758 711 836 irrequietus
725 759 808 834 Ave;

102 845 247 908 estsine
260 850 293 904 te
307 842 386 903 nulli
400 843 447 903 fas
462 849 511 903 est
523 840 652 923 prodire
667 843 810 922 tribuno,

167 928 234 989 Nec
251 935 340 988 caret
354 928 457 988 officio
475 923 584 986 consul
598 933 731 1005 uterque
745 933 818 1004 tuo;

21 1063 28 1089 Ι,
86 1014 167 1089 „Et
180 1032 269 1072 sacro
280 1011 408 1073 deciens
419 1012 539 1093 repetis
554 1008 673 1071 Palatia
688 1010 766 1072 clivo

21 1089 30 1108 ²
55 1092 60 1097 ⁷
168 1095 356 1176 Sigerosque
378 1115 481 1156 meros
495 1097 745 1175 Partheniosque
760 1116 859 1158 sonas.

124 1181 212 1240 Haec
226 1181 342 1241 faciant
356 1200 430 1241 sane
443 1183 588 1241 invenes:
612 1177 798 1259 deformius,
819 1181 913 1259 Afer,

82 1275 118 1328 1⁰
167 1264 298 1325 Omnino
314 1264 393 1325 nihil
410 1273 458 1326 est
473 1262 632 1325 ardalione
648 1283 733 1326 sene.

494 1398 629 1459 LXXIX.

124 1512 248 1596 Hospes
263 1532 332 1573 eras
347 1515 448 1574 nostri
462 1531 602 1593 semper,
624 1512 751 1591 Matho,
774 1514 942 1575 Tiburtini.

165 1597 235 1657 Hoc
250 1599 335 1662 emis.
365 1598 513 1680 imposui:
536 1616 589 1656 rus
604 1598 663 1658 tibi
676 1597 776 1658 vendo
793 1604 888 1659 tuum.

497 1731 619 1792 LXXX.

124 1841 284 1904 Declamas
298 1843 331 1902 in
346 1844 452 1922 febre,
474 1844 600 1904 Maron:
622 1845 701 1904 hanc
717 1863 786 1904 esse
801 1847 971 1925 phrenesin

167 1926 201 1987 Si
216 1929 335 2005 nescis,
356 1947 419 1987 uon
435 1947 469 1987 es
484 1948 591 2006 sanus,
614 1929 710 1988 amice
726 1929 848 1994 Maron.

114 2009 287 2088 [Declamas
302 2029 412 2091 aeger,
435 2010 588 2072 declamas
601 2013 832 2073 hemitritaeos:

72 2105 75 2110 ’
166 2094 201 2155 Si
215 2094 328 2156 sudare
344 2094 436 2157 aliter
450 2116 513 2156 non
526 2103 633 2175 potes,
656 2102 705 2155 est
723 2098 827 2175 ratio]

99 2180 261 2258 5„Magna
274 2186 377 2240 tamen
391 2199 443 2240 res
460 2182 540 2240 est.“
567 2181 680 2255 Erras3
702 2199 770 2240 cum
785 2182 904 2240 viscera
918 2182 1017 2242 febris

165 2263 292 2342 Exurit,
314 2283 366 2324 res
379 2271 427 2325 est
440 2283 548 2344 magna
563 2270 685 2341 tacere,
707 2264 827 2326 Maron.

495 2399 629 2459 LXXXI.

120 2509 317 2590 Epigramma
330 2516 470 2569 nostrum
485 2529 552 2569 cum
569 2507 700 2571 Fabulla
711 2510 855 2591 legisset,

123 2593 246 2673 Negare
261 2593 376 2654 nullam
391 2598 451 2673 quo
468 2613 583 2673 queror
597 2593 789 2678 puellarum,

122 2676 229 2737 Semel
242 2684 350 2757 rogata
365 2680 475 2757 bisque
491 2685 602 2755 terque
617 2678 757 2758 neglexit

123 2760 239 2822 Preces
255 2763 392 2823 amantis.
421 2762 499 2839 Iam,
520 2761 668 2841 Fabulla,
689 2766 854 2844 promitte:

98 2844 246 2924 §Negare
260 2847 354 2925 iussi,
375 2864 549 2926 pernegare
562 2865 626 2906 non
639 2849 723 2909 iussi.

483 2993 631 3056 LXXXII.

120 3106 187 3165 llos
202 3124 324 3185 quoquc
340 3105 519 3166 commenda
532 3107 703 3189 Venuleio,
723 3110 818 3189 Rufe,
839 3107 966 3171 libellos

164 3189 299 3269 imputet
316 3196 349 3250 et
362 3191 452 3250 nobis
469 3191 531 3251 otia
543 3211 652 3271 parva,
674 3212 765 3273 roga,

38 3281 40 3284 ’
121 3272 284 3334 Immemor
299 3280 332 3334 ct
345 3273 467 3354 paulum
483 3295 625 3336 curarum
639 3296 829 3357 operumque
846 3297 969 3338 snorum

164 3358 233 3417 Non
248 3359 362 3418 tetrica
375 3377 471 3437 ungas
487 3361 589 3439 exigat
604 3379 678 3421 aure
694 3380 788 3421 meas.

99 3439 190 3503 asad
207 3460 266 3502 nec
278 3448 352 3523 post
364 3444 498 3524 primum
511 3443 599 3526 legat
613 3445 692 3506 haec
708 3463 900 3506 summumne
908 3447 1086 3522 trientem,
