2370 3840
142 203 203 267 126
466 201 511 265 M.
527 201 618 266 VAL.
634 202 860 265 MARTIALIS

186 355 323 418 lbLento
339 359 500 415 castaneae
514 374 627 435 vapore
644 361 752 414 tostae.

226 439 339 501 Viuum
353 444 388 498 tu
400 439 498 498 facies
513 440 626 498 bonum
641 435 775 498 bibendo

224 523 300 583 Post
315 523 391 583 haec
407 524 507 583 omnia
521 523 604 582 forte
619 524 645 582 si
659 523 795 582 movebit

225 607 363 666 Bacchus
380 627 469 686 quam
485 606 565 667 solet
580 608 797 685 esuritionem,

224 690 414 751 Succurrent
427 692 486 750 tibi
501 690 620 751 nobiles
637 689 751 768 olivae,

182 775 330 838 20Piceni
344 774 434 835 modo
451 794 525 854 quas
539 773 643 835 tulere
662 777 752 852 rami,

224 860 266 920 nt
281 859 406 919 fervens
421 861 505 919 cicer
519 865 552 919 et
566 865 677 939 tepens
690 857 825 938 lupinus.
951 887 957 898 ·

225 943 323 1002 Parva
338 950 387 1004 est
402 942 528 1020 cenula,
542 977 585 990 —
600 945 667 1022 quis
681 948 786 1022 potest
801 944 938 1023 negaret
952 979 996 990 -—-

224 1026 288 1087 Sed
302 1028 400 1107 finges
415 1026 494 1087 nihil
510 1027 653 1087 audiesve
667 1027 771 1086 fictum

223 1112 265 1174 Et
281 1111 367 1172 voltu
380 1111 518 1192 placidus
534 1119 587 1171 tuo
602 1113 781 1182 recumbes;

181 1195 287 1259 25Neo
302 1215 437 1256 crassum
452 1195 592 1256 dominus
605 1193 693 1274 leget
706 1194 864 1274 volumen,

223 1279 288 1340 Nec
304 1279 343 1340 de
359 1280 496 1341 Gadibus
510 1281 659 1361 improbis
671 1278 795 1360 puellae

223 1364 398 1427 Vibrabunt
413 1365 480 1424 sine
495 1365 557 1424 fine
573 1366 752 1445 prurientes

222 1447 365 1508 Lascivos
383 1447 475 1508 docili
493 1455 630 1509 tremore
644 1447 782 1524 lumbos;

224 1531 288 1591 Sed
305 1531 388 1610 quod
402 1552 463 1592 non
479 1551 572 1611 grave
587 1534 629 1592 sit
645 1552 704 1593 nec
718 1532 901 1611 infacetum,

183 1615 317 1680 30Parui
332 1617 409 1675 tibia
423 1615 550 1695 condyli
566 1618 695 1676 sonabit.

223 1700 309 1760 Haec
324 1705 373 1759 est
388 1698 505 1760 cenula.
533 1698 691 1760 Claudiam
706 1701 863 1777 sequeris,

223 1784 319 1862 Quam
333 1784 422 1843 nobis
438 1785 524 1864 cupis
539 1801 608 1843 esse
622 1790 657 1842 tu
670 1784 814 1862 priorem.

593 1916 728 1981 LXXIX.

221 2028 399 2092 Undeciens
412 2049 472 2088 una
487 2031 636 2109 surrenti,
659 2029 766 2107 zoile,
783 2049 873 2108 cena,

261 2115 303 2176 Et
318 2118 432 2173 mutata
444 2114 502 2173 tibi
516 2120 565 2174 est
580 2115 735 2193 synthesis
749 2114 935 2192 undeciens,

222 2198 323 2259 Sudor
338 2199 518 2259 inhaereret
532 2198 654 2259 madida
668 2218 707 2259 ne
720 2206 807 2260 veste
822 2203 963 2260 retentus

263 2284 305 2344 Et
320 2281 420 2343 laxam
434 2285 537 2342 tenuis
551 2281 694 2344 laederet
709 2304 781 2343 aura
796 2290 905 2344 cutem.

201 2367 327 2444 aquare
343 2385 399 2445 ego
416 2386 478 2426 non
493 2366 585 2445 sudo,
608 2369 660 2446 qui
675 2373 794 2446 tecum,
817 2365 924 2445 Zoile,
946 2365 1047 2427 cenoi

262 2450 373 2529 FrIgus
389 2452 471 2510 enim
485 2469 626 2529 magnum
640 2453 796 2530 synthesis
810 2471 870 2511 une
883 2451 966 2511 facit.

594 2583 716 2648 LXXX.

220 2697 289 2757 Non
304 2702 399 2757 totam
415 2698 507 2776 mihi,
531 2698 557 2757 si
571 2699 707 2777 vacabit,
728 2700 851 2778 horam,

220 2781 324 2841 Dones
340 2788 373 2841 et
386 2779 463 2842 licet
476 2783 609 2862 imputes
624 2783 757 2862 Severe,

219 2866 297 2926 Dum
313 2871 434 2926 nostras
448 2865 526 2945 legis
542 2869 700 2948 exigisque
715 2887 818 2947 nugas.
896 2863 899 2867 ’

219 2950 357 3029 „Durum
372 2956 421 3010 est
435 2950 571 3029 perdere
585 2952 717 3012 ferias“:
740 2971 897 3031 rogamus,

198 3035 371 3099 tincturam
385 3036 512 3114 patiaris
527 3035 606 3095 hanc
622 3036 776 3117 ferasque.

219 3118 308 3196 Quod
323 3119 349 3178 si
366 3117 482 3197 legeris
496 3119 564 3199 ipse
581 3139 649 3179 cum
663 3120 781 3181 diserto

218 3236 261 3248 --
275 3202 339 3263 Sed
355 3201 503 3281 numquid
520 3222 622 3262 sumus
636 3205 791 3284 improbi?
806 3240 845 3248 -
863 3199 1020 3280 Secundo,

218 3286 292 3348 Plus
307 3285 403 3347 multo
419 3288 476 3347 tibi
496 3285 657 3347 debiturus
672 3289 723 3347 hic
738 3294 801 3366 est,

219 3372 315 3449 Quam
331 3371 428 3432 debet
441 3371 564 3432 domino
581 3390 635 3431 suo
650 3369 786 3433 libellus.

162 3456 287 3514 1on
301 3475 436 3517 securus
450 3457 527 3537 erit,
550 3474 608 3517 nec
624 3456 762 3536 inquiete

102 3532 191 3630 ἱ
