2370 3840
322 172 660 235 EPIGRAMMATON
672 174 746 236 LlB.
762 174 826 237 1111.
1031 179 1093 243 283

564 372 586 431 1.

141 488 231 548 Retia
245 485 316 548 dum
331 494 453 547 cessant
466 486 694 566 latratoresque
709 486 839 550 Molossi

180 571 222 632 lut
234 589 297 630 non
309 566 435 631 invento
451 570 525 631 silva
540 571 673 650 quiescit
687 589 777 650 apro,

141 654 226 732 Otia,
247 654 371 734 Prisce,
391 655 479 715 brevi
492 656 611 735 poteris
627 653 742 714 donare
754 651 873 718 libello.

180 738 266 797 Hora
279 756 338 799 nec
353 737 468 798 aestiva
482 742 603 798 estnec
617 738 675 798 tibi
688 743 754 798 tota
768 738 860 819 perit.

560 872 595 934 11.

140 983 225 1058 Quae
238 981 329 1043 modo
344 963 577 1046 litoreos'ibatis
593 985 725 1043 carmina
740 983 877 1063 Pyrgos,

180 1066 226 1126 lte
242 1084 346 1144 sacra;
364 1069 424 1129 ianr
438 1088 500 1130 non
514 1065 731 1150 pulverulenta
744 1067 792 1126 via
807 1072 864 1130 cst.

548 1203 595 1263 111.

138 1309 187 1370 Ad
201 1311 330 1391 populos
346 1313 428 1372 mitti
444 1315 496 1393 qui
511 1331 611 1394 nuper
627 1315 664 1373 ab
680 1314 757 1372 urbe
772 1310 911 1392 solebas,

178 1393 259 1472 lbis,
280 1395 328 1472 io,
350 1395 476 1455 Romam
489 1416 571 1456 nunc
587 1397 754 1476 peregrine
767 1394 864 1476 liber,

139 1477 275 1536 Auriferi
291 1475 330 1536 tle
350 1484 442 1556 gente
459 1480 537 1558 Tagi
550 1479 718 1559 tetricique
733 1478 871 1558 Salonis,

178 1560 239 1621 Dat
253 1562 370 1642 patrios
388 1582 492 1624 manes
508 1582 585 1644 quae
600 1564 675 1624 mihi
689 1570 774 1623 terra
788 1568 910 1644 potens.

115 1641 207 1706 bNon
221 1651 324 1706 tamen
337 1646 451 1727 hospes
466 1649 545 1726 eris,
564 1666 623 1709 nec
640 1649 699 1707 iam
714 1653 804 1728 potes
819 1646 936 1710 advena
951 1647 1030 1731 dici,

180 1729 275 1790 Cuius
288 1730 384 1791 habet
402 1731 517 1792 fratres
531 1737 580 1792 tot
595 1731 702 1792 domus
717 1729 780 1792 alta
792 1731 892 1794 Remi.

136 1813 206 1872 Iure
221 1820 274 1874 tuo
289 1815 464 1877 veneranda
477 1818 548 1877 novi
562 1824 637 1897 pete
651 1815 756 1876 ilmina
770 1815 897 1897 templi,

175 1895 310 1956 Reddita
323 1897 428 1959 Pierio
443 1906 515 1960 sunt
528 1901 581 1960 ubi
594 1897 711 1980 templa
726 1899 830 1960 choro.

133 1976 196 2040 Vel
212 1980 237 2038 si
252 1978 414 2058 malueris,
434 1984 533 2061 prima
547 1981 689 2059 gradiere
707 1982 843 2042 Subura:

94 2068 128 2123 10
176 2063 264 2121 Atria
279 2068 350 2123 sunt
363 2061 451 2123 illinc
466 2063 599 2124 consulis
615 2063 676 2124 alta
690 2066 759 2125 mci.

134 2145 321 2223 Laurigeros
334 2147 454 2206 habitat
469 2146 619 2207 facundus
633 2144 732 2208 Stella
746 2152 892 2228 penates,

177 2226 288 2290 Clarus
303 2230 449 2291 Iantheae
460 2228 559 2291 Stella
575 2231 678 2291 sititor
694 2250 799 2311 aquae.

132 2312 217 2373 Fons
232 2314 275 2374 ibi
290 2312 442 2375 Castalius
457 2316 556 2375 vitreo
571 2320 713 2376 torrente
727 2315 894 2396 superbus,

175 2396 265 2459 Unde
280 2417 390 2459 novem
406 2397 542 2459 dominas
559 2416 651 2479 saepe
665 2400 780 2460 bibisse
794 2398 909 2461 icrunt.

93 2480 188 2543 151110
204 2480 290 2543 dabit
303 2481 419 2563 populo
434 2484 635 2564 patribusque
652 2484 811 2561 equitique
824 2479 1004 2559 legendum,

174 2566 239 2628 Nec
253 2567 379 2627 nimium
394 2568 483 2627 siccis
496 2565 640 2647 perleget
651 2567 719 2646 ipse
734 2567 829 2644 genis.

133 2648 215 2724 Quid
227 2649 350 2711 titulum
364 2651 490 2731 poscis?
509 2669 616 2711 versus
631 2649 691 2710 duo
707 2655 810 2709 tresve
824 2646 985 2726 legantur,

177 2730 360 2793 Clamabunt
374 2753 479 2794 omnes
493 2740 543 2813 te,
565 2732 664 2812 liber,
685 2750 754 2794 csse
769 2751 879 2793 meum.

540 2866 591 2927 IV.

135 2978 225 3055 Quod
238 2976 351 3039 Flacco
366 2977 524 3057 Varioque
539 2978 599 3039 fuit
615 2996 792 3058 summoque
806 2978 931 3040 Maroni

105 3084 108 3090 ’
175 3063 357 3139 Maecenas,
379 3063 473 3121 atavis
487 3064 613 3141 regibus
627 3068 713 3122 ortus
727 3080 840 3141 eques;

133 3147 284 3208 Gentibus
300 3151 333 3206 et
346 3143 468 3226 populis
482 3145 542 3205 lroc
557 3151 590 3206 to
604 3147 698 3226 mihi,
718 3146 825 3207 Prisce
841 3145 990 3223 Terenti,

172 3230 266 3291 Fama
283 3230 380 3290 fuisse
394 3228 507 3308 loquax
522 3230 690 3309 chartaque
706 3228 790 3290 dicet
804 3249 887 3290 anus.

112 3312 186 3374 5'l'u
199 3315 275 3375 facis
289 3315 465 3393 ingenium,
486 3320 536 3394 tu,
559 3315 584 3373 ι1
600 3312 674 3393 quid
687 3330 779 3394 posse
790 3311 947 3385 videmur;

175 3397 225 3457 Tu
240 3397 294 3458 das
308 3399 460 3477 ingenuae
475 3399 522 3459 ius
538 3399 616 3459 milui
628 3398 794 3480 pigritiae.
