2370 3840
324 191 663 253 EPIGRAMMATON
677 193 752 255 LlB.
766 195 831 258 Vll.
1039 193 1098 261 lit

121 341 236 420 5Qnod
249 361 315 402 snm
329 345 518 424 praeteritus
533 350 620 404 vetus
635 344 770 406 sodalis?

145 425 209 486 Sed
224 445 344 486 cansam
359 429 433 488 scio.
463 425 557 486 Nullo¹
569 429 655 487 venit
669 450 686 488 a
698 447 748 489 me

143 511 274 591 Hispani
289 511 347 571 tibi
360 509 441 571 libra
452 509 617 591 pustulati,

142 592 208 654 Nec
221 591 301 653 levir
316 599 404 673 toge,
425 613 484 655 nec
498 594 592 655 rudes
605 592 760 656 lucernae.

142 677 211 737 Non
226 683 275 737 est
289 677 443 758 sportula,
466 697 544 758 quae
560 681 747 758 negotiatur.

101 761 246 824 loPascis
260 779 401 840 munere,
422 761 533 840 Sexte,
554 782 617 822 non
631 764 754 826 amicos.

141 845 203 905 lam
218 843 302 904 dices
316 846 392 905 mihi
404 844 561 928 „Vapulet
573 846 730 907 vocator.“

488 1007 667 1071 LXXXVII.

142 1119 176 1179 Si
191 1138 276 1180 meus
291 1120 390 1179 aurite
404 1118 518 1199 gaudet
530 1119 709 1200 lagalopece
721 1117 868 1197 Flaccus,

184 1202 218 1263 Si
231 1203 346 1264 fruitur
360 1204 445 1264 tristi
461 1205 574 1265 cenius
588 1204 761 1283 Aethiope;

141 1287 268 1347 Publius
284 1289 411 1365 exiguae
427 1289 454 1347 si
468 1289 579 1365 flagrat
594 1305 698 1346 amore
713 1283 861 1363 catellae,

184 1369 218 1428 Si
232 1371 365 1430 (iconius
381 1370 514 1431 similem
530 1371 768 1449 cercopithecon
785 1374 865 1428 amat
871 1390 882 1443 3

120 1451 289 1514 5Delectat
302 1454 436 1514 Marium
451 1455 477 1513 si
496 1455 688 1533 perniciosus
703 1453 905 1529 ichneumon,

183 1537 259 1596 l’ica
273 1534 434 1597 salutatrix
447 1537 474 1596 si
487 1537 562 1614 tibi,
583 1536 700 1616 Lause,
722 1534 842 1616 placet;

141 1619 175 1680 si
190 1619 326 1698 gelidum
340 1619 419 1681 collo
434 1622 533 1681 nectit
548 1619 698 1681 Glaucilla
712 1618 894 1696 draconem,

182 1704 328 1765 Luscinio
344 1702 494 1765 tumulum
508 1707 536 1765 si
551 1702 699 1765 Telesina
714 1701 817 1763 dedit:

140 1784 258 1847 Blanda
272 1787 437 1868 Cupidinei
452 1808 508 1849 eur
522 1808 585 1849 non
599 1794 681 1848 amet
696 1807 750 1848 ora
762 1787 920 1867 Labycae,
1044 1848 1055 1867 ,

99 1880 134 1934 10
181 1872 240 1949 Qui
253 1871 339 1933 videt
352 1873 429 1934 baec
444 1872 575 1933 dominis
588 1878 726 1932 monstra
740 1871 866 1953 placere
880 1870 964 1932 suis?

430 2001 432 2005 ’
485 2034 675 2097 xxxxvm.

139 2143 255 2203 Fertur
268 2145 386 2204 babere
399 2163 501 2222 meos,
523 2145 637 2205 sivero
651 2151 700 2204 est
712 2145 809 2223 fama,
830 2141 959 2203 libellos

182 2227 268 2288 inter
284 2225 412 2288 delicias
425 2226 558 2308 pulchra
570 2228 693 2291 Vienna
708 2246 786 2288 suar.

140 2311 195 2371 Me
209 2310 290 2391 legit
304 2312 401 2372 omnis
415 2312 460 2372 ibi
474 2314 579 2372 senior
593 2312 774 2390 iuvenisque
787 2326 945 2391 puerque,

181 2396 224 2456 let
239 2415 340 2456 coram
355 2396 470 2456 tetrico
489 2401 572 2456 cesta
585 2394 690 2476 puella
703 2396 779 2455 viro.

26 2545 37 2560 g
119 2479 210 2540 illoc
225 2498 283 2560 ego
297 2479 473 2559 maluerim,
497 2499 585 2559 quam
601 2481 627 2540 si
642 2498 710 2538 mea
722 2478 857 2538 carmina
871 2484 997 2539 centeni

182 2563 242 2640 Qui
255 2563 359 2625 Nilum
374 2582 412 2624 ex
426 2565 494 2643 ipso
511 2565 654 2645 protinus
669 2581 723 2622 ore
738 2561 866 2637 bibunt;

141 2646 237 2723 Quam
251 2656 343 2709 meus'
351 2649 490 2728 Hispano
507 2649 533 2707 si
547 2667 597 2708 me
612 2647 715 2726 'Pagus
729 2643 858 2726 impleut
872 2665 945 2707 euro

84 2779 86 2785 .
182 2730 293 2791 Pascat
308 2738 342 2792 et
355 2729 460 2812 Hybla
473 2751 574 2810 mers,
594 2736 700 2813 poscat
714 2730 880 2810 Hymettos
896 2749 979 2810 epea.

140 2810 210 2871 Non
224 2813 305 2872 nihil
320 2832 395 2894 ergo
410 2835 529 2894 snmus,
550 2834 610 2876 nec
623 2813 754 2877 blandae
768 2832 897 2876 munere
911 2813 1035 2893 linguae

99 2904 133 2957 lo
181 2896 375 2977 Decipimnr:
397 2899 521 2960 credam
532 2901 611 2978 iam,
631 2905 724 2980 puto,
744 2899 862 2980 Lause,
882 2899 950 2960 tibi

494 3061 657 3123 LXXXIX.

138 3146 168 3251 l,
189 3171 267 3234 felix
281 3192 368 3254 rosa,
389 3172 596 3254 mollibusque
611 3177 704 3236 sertis

139 3256 247 3318 Nostri
263 3259 352 3336 cinge
367 3276 468 3319 eomas
482 3256 680 3340 Apollinaris.

140 3340 222 3416 Quas
235 3348 271 3403 tu
283 3349 414 3403 nectere
429 3341 590 3421 candidos,
612 3342 669 3403 sed
683 3341 773 3419 olim,

142 3423 194 3485 Sic
209 3431 243 3486 te
259 3444 383 3508 semper
398 3434 480 3489 amet
493 3428 617 3506 Venus,
638 3431 803 3487 memento.
