2370 3840
426 199 471 259 Μ.
489 197 581 260 vau.
599 193 828 272 manuisum

575 400 682 462 XVIII.

187 514 335 592 Donasti,
353 513 459 592 Lupe,
481 531 534 571 rus
550 513 605 572 sub
621 514 700 572 urbe
715 513 825 588 nobia;

187 597 252 659 Sed
265 617 318 658 rua
332 605 381 658 est
396 597 471 657 mihi
484 597 580 656 maius
595 598 628 656 in
643 596 792 658 fenestra.

187 684 251 743 Rus
265 683 325 742 hoc
341 681 467 759 dicere,
486 701 539 741 rus
553 686 644 760 potes
657 680 793 741 vocare!

187 767 222 828 In
239 787 299 846 quo
314 773 384 826 ruta
397 766 474 825 facit
487 783 595 825 nemus
609 766 741 843 Dianae,

166 854 328 930 5Argutae
346 851 425 928 tegit
439 849 487 909 ola
503 847 586 929 quod
601 849 740 928 cicadae,

188 935 279 1013 Quod
292 937 422 995 formica
437 933 488 993 die
505 934 640 994 comedit
654 953 733 1012 uno,

191 1019 305 1082 clusae
320 1021 369 1079 cui
384 1019 493 1079 folium
508 1037 598 1078 rosae
614 1038 728 1078 corona
744 1026 808 1093 est;

188 1107 223 1165 ln
238 1124 298 1185 quo
313 1123 377 1163 non
393 1104 488 1182 magis
502 1104 659 1162 invenitur
673 1104 787 1181 herba,

190 1191 286 1265 Quam
301 1189 405 1249 Cosmi
420 1186 528 1248 folium
543 1190 673 1268 piperve
689 1185 836 1264 crudum;

148 1276 222 1337 loln
236 1294 295 1354 quo
310 1293 370 1334 nec
386 1274 521 1333 cucumis
535 1274 640 1333 iacere
654 1279 775 1350 rectus,

190 1360 255 1419 Nec
270 1378 402 1440 serpens
416 1359 559 1418 habitare
574 1363 640 1418 tota
653 1358 770 1438 possii‚

189 1444 323 1503 Erucam
338 1441 417 1503 male
432 1444 533 1523 pascit
547 1444 656 1502 hortus
671 1462 777 1521 unam,

191 1529 380 1608 Consumpto
396 1529 527 1587 moritur
543 1527 633 1587 culex
648 1525 775 1606 salicto,

192 1613 235 1671 m
248 1610 333 1691 talpa
348 1618 396 1672 est
410 1612 486 1671 mihi
499 1611 602 1670 fossor
619 1618 710 1688 atque
727 1617 839 1672 arator.
876 1656 880 1664 .

149 1707 183 1758 15
190 1696 259 1756 Non
273 1693 398 1756 boletus
413 1697 517 1774 hiare,
539 1714 602 1754 non
617 1697 767 1755 mariscae

190 1778 308 1840 Ridere
323 1786 375 1839 aut
388 1779 487 1840 violae
502 1785 612 1860 patere
626 1785 764 1859 possunt.

191 1865 287 1925 Fines
302 1885 368 1925 mus
383 1863 552 1945 populatur
566 1870 600 1923 et
613 1863 723 1924 colono

192 1950 353 2029 Tanquam
368 1970 418 2011 sus
434 1947 623 2029 Calydonius
639 1950 783 2028 timetur,

191 2035 233 2095 Et
248 2033 368 2096 sublata
382 2035 513 2095 volantis
527 2053 629 2113 ungue
643 2034 784 2113 Prognes

149 2120 224 2182 aem
239 2118 313 2180 nido
329 2139 419 2200 seges
434 2127 483 2180 est
496 2117 734 2194 hirundinino;·

192 2205 318 2266 Etcum
335 2212 398 2266 stet
413 2207 480 2265 sine
495 2202 577 2264 falce
593 2202 810 2282 mentulaque,
831 2240 835 2247 ·

191 2288 260 2349 Non
277 2296 326 2350 est
341 2288 469 2351 dimidio
483 2289 570 2349 locus
585 2288 710 2368 Priapo.
818 2344 822 2353 s

193 2373 253 2436 Vis
268 2374 380 2454 implet
395 2373 553 2435 cochleam
569 2379 698 2453 peracta
713 2371 823 2433 messis

191 2458 233 2517 Et
248 2466 381 2520 mustum
395 2478 474 2520 nuce
490 2456 650 2517 condimus
665 2458 775 2537 picata.
886 2451 894 2465 ’

150 2551 183 2603 25
190 2542 326 2621 Errasti,
346 2545 450 2625 Lupe,
471 2541 581 2602 littera
595 2539 651 2600 sed
667 2561 736 2604 una.

192 2627 268 2685 Nam
283 2648 343 2705 quo
357 2635 500 2708 tempore
514 2624 677 2706 praedium
692 2624 824 2704 dedisti,

192 2708 322 2770 Mallem
336 2720 371 2773 tu
384 2714 459 2773 mihi
475 2709 638 2793 prandium
653 2709 802 2771 dedisses.

590 2846 672 2907 XIII.

194 2958 342 3036 Quaeris,
365 2979 420 3018 cur
435 2958 532 3020 nolim
546 2966 579 3019 te
594 2958 728 3034 ducere,
751 2955 862 3019 Galla?
888 2956 1012 3016 Diserta
1029 2974 1076 3018 ea.

239 3041 339 3121 Saepe
355 3041 573 3105 soloecismum
590 3043 728 3104 mentula
743 3047 851 3102 nostra
864 3041 948 3102 facit.

600 3180 667 3240 XX.

195 3290 338 3351 Caesaris
354 3289 486 3368 Augusti
499 3287 648 3368 lasciuos,
668 3288 780 3367 livide,
799 3306 907 3348 versus

235 3375 298 3436 Seu
311 3373 401 3455 Iege,
423 3374 476 3455 qui
490 3374 591 3434 tristis
606 3376 700 3434 verba
717 3373 813 3434 latina
826 3370 920 3450 legis:

179 3461 395 3540 quodsutm't
410 3458 605 3549 Glaphyran
624 3461 804 3536 Antonius,
816 3457 899 3516 itanc
912 3455 988 3514 milri
999 3473 1133 3532 poenam
