2370 3840
346 113 408 175 Μ,
427 112 519 176 VAL.
535 112 761 175 MARTIALIS

123 269 270 328 Protinus
286 272 337 325 aut
349 264 448 325 Marsi
461 267 576 326 recitas
591 273 643 331 aut
657 269 773 348 scrIpta
789 266 914 332 catulli.

167 352 236 411 Hoc
250 350 326 409 mihi
342 347 412 426 das,
434 355 578 428 tanquam
595 349 752 411 deteriora
765 351 868 432 legas,

103 436 169 498 eut
183 432 296 495 collata
308 434 404 511 magis
416 434 559 514 placeant
573 436 665 494 meai
693 435 859 498 Credimus
876 435 979 500 istudr

167 516 253 580 Malo
267 523 370 579 umen
382 519 515 596 recites,
535 517 727 599 caeciliane,
748 528 810 584 tus.

503 647 623 709 LXXII.

125 748 283 821 Hesterna
295 761 411 821 factum
426 767 586 838 narratur,
607 760 771 837 Postume,
794 777 870 819 cena
1101 743 1105 751 ’
1138 760 1145 853 Ι

167 844 258 921 Quod
271 843 389 905 nollem
408 879 443 887 -—
461 845 529 923 quis
544 844 627 904 enIm
645 841 721 903 talia
734 844 817 904 facta
830 843 970 923 probet?
983 874 1027 889 -·
1140 858 1145 943 p

126 929 169 989 0s
183 930 241 989 tibi
255 930 411 1008 percisum
427 934 541 1008 quanto
558 947 621 989 non
634 928 703 1008 ipse
716 928 845 989 Latium
1140 952 1146 1041 1

166 1011 251 1076 Vilia
264 1011 425 1073 Panniculi
438 1013 576 1092 percutit
590 1032 644 1072 ora
658 1031 751 1074 sono:
1142 1054 1146 1083 ,

103 1095 279 1177 5Quodque
293 1099 389 1176 magis
403 1098 515 1158 mirum
530 1104 593 1175 est,
604 1102 773 1157 -auctorem
785 1095 922 1157 crimInIs
937 1096 1030 1156 huius
1142 1164 1146 1187 1

167 1180 338 1242 CaeciIIum
353 1187 419 1241 tota
433 1201 537 1242 rumor
552 1183 585 1241 in
600 1183 679 1242 urbe
693 1185 790 1242 sonat.
1143 1190 1147 1199 “

123 1265 203 1327 Esse
217 1284 311 1346 negas
325 1267 455 1327 factum:
475 1267 521 1327 ris
535 1267 595 1326 hoc
609 1283 658 1326 me
673 1265 829 1326 credere?
850 1262 956 1326 credo.

168 1348 266 1429 Quid,
289 1349 371 1430 quod
385 1352 480 1412 habet
493 1357 608 1429 testes,
629 1350 793 1428 Postume,
816 1347 993 1411 Caecilius?

495 1485 629 1547 LXXIII.

125 1597 208 1675 Quid
221 1598 315 1659 saciat
329 1597 394 1660 vult
408 1602 489 1661 scire
504 1601 612 1681 Lyrisr
634 1600 716 1680 quod
730 1601 848 1663 sobria:
869 1596 969 1661 fellat.

495 1734 631 1798 LXXIV.

127 1845 270 1906 Cinctum
282 1846 395 1923 togatis
409 1851 481 1926 post
497 1851 530 1907 et
544 1852 616 1907 ante
629 1847 787 1909 Saufeium

127 1931 247 2006 Quanta
257 1928 365 1989 reduci
378 1929 514 2008 Regulus
530 1931 612 1992 solet
623 1934 730 2009 turba,

125 2012 176 2073 Ad
189 2014 249 2074 alta
262 2018 385 2074 tonsum
399 2013 516 2096 templa
528 2035 597 2076 cum
610 2035 697 2077 reum
713 2017 812 2094 misit,

124 2098 287 2176 Materne,
310 2099 435 2159 cernis?
455 2099 596 2161 invidere
610 2100 718 2165 nolito.

104 2183 298 2244 acomitstus
311 2183 372 2243 iste
386 2183 428 2244 sit
441 2203 554 2263 precor
569 2190 640 2245 tuus
653 2203 817 2263 nunquam.

124 2267 190 2327 Hos
205 2265 255 2326 illi
269 2268 382 2326 amicos
396 2273 430 2326 et
444 2286 556 2345 greges
570 2272 745 2345 togatorum
772 2290 775 2296 ·

125 2348 325 2410 Fuficulenus
338 2354 477 2430 praestat
493 2356 525 2410 et
538 2349 737 2410 Faventinus.

506 2482 628 2545 LXXV.

125 2595 267 2656 Verbera
282 2596 384 2655 securi
401 2594 510 2656 solitus
521 2594 573 2657 leo
589 2596 675 2656 Ierre
689 2596 828 2675 magistri

168 2679 379 2758 Insertamque
393 2681 458 2760 pati
471 2680 602 2741 blandus
616 2682 649 2741 In
664 2702 719 2741 ora
734 2699 855 2741 manum

125 2761 284 2824 DedidicIt
297 2783 405 2844 pacem
419 2766 521 2825 subito
535 2765 663 2825 feritate
682 2783 826 2843 reversa,

168 2848 287 2924 Quanta
302 2866 361 2908 neo
376 2851 408 2908 in
422 2849 547 2929 LibycIs
564 2848 672 2910 debuit
685 2868 754 2910 esse
769 2849 858 2926 iugis.

103 2930 204 2992 5Nam
219 2931 278 2991 duo
296 2929 335 2991 de
353 2938 463 2992 tenera
474 2932 608 3012 puerilia
622 2953 754 3014 corpora
766 2934 875 3010 turba,

168 3014 371 3094 Sanguineam
384 3017 493 3077 rastris
508 3037 586 3096 quae
600 3020 768 3079 renovabat
780 3017 921 3094 humum,

125 3098 238 3159 Sacros
255 3106 289 3159 et
303 3098 412 3160 Infelin
425 3098 531 3161 furiali
550 3101 645 3162 dente
658 3103 807 3182 peremit:

166 3183 282 3243 Martia
295 3203 358 3243 non
372 3183 451 3245 vidit
464 3187 560 3244 maius
575 3187 692 3246 harena
705 3186 803 3246 nefas.

124 3265 306 3327 Exclamare
319 3265 414 3328 libet:
436 3266 612 3347 „crudelis,
633 3269 771 3349 perfide,
791 3266 926 3349 praedo,
989 3265 996 3279 ’

87 3361 118 3412 Io
166 3352 194 3411 Δ
212 3358 319 3413 nostra
333 3354 439 3433 pueris
452 3371 583 3433 parcere
599 3351 684 3414 disce
701 3352 812 3434 Iupa!“
