2370 3840
304 210 644 275 naleunmmmou
657 211 731 273 ma.
747 213 823 273 xm
883 251 889 264 .
1026 209 1091 273 eoo
1176 170 1179 175 ⁵

445 415 496 476 XI.
520 417 695 478 Hordeum.

130 528 231 592 Mulio
248 528 331 611 quod
345 549 407 591 non
423 528 477 590 det
490 531 648 607 tacituris,
670 530 792 608 accipe,
815 528 914 592 mulis.

172 616 260 675 Ilaec
275 632 333 693 ego
348 615 475 694 coponi,
495 633 557 674 non
572 615 646 692 tibi,
669 611 749 672 (Iona
764 610 847 675 dedi.

414 748 479 809 XII.
501 748 719 809 Frumentum.

135 845 325 906 Tercentum
342 847 452 925 Libyci
465 846 584 906 modios
599 844 638 905 de
652 861 753 904 messe
768 842 871 904 coloni

172 929 281 1008 Sume,
305 931 496 990 suburbanus
510 948 550 991 ne
566 931 714 990 moriatur
729 945 812 1007 ager.

461 1065 538 1124 XIII.
563 1064 673 1124 Betae.

130 1159 173 1218 Ut
189 1161 308 1239 sapiant
322 1161 443 1240 fatuae,
464 1162 623 1222 fabrorum
636 1159 784 1241 prandia,
806 1159 916 1237 betae,

173 1242 200 1302 0
216 1263 414 1326 quamsaepe
430 1252 520 1326 petet
535 1246 605 1306 vina
619 1246 772 1325 piperque
788 1243 894 1303 cocus!

441 1378 521 1440 XIV.
546 1379 697 1438 Luctuoo.

132 1470 269 1532 Cludere
284 1493 362 1552 quoe
377 1493 467 1534 cenas
481 1472 603 1535 lactuca
616 1472 738 1535 solebat
752 1492 892 1550 avorum,

174 1555 230 1616 Dic
244 1558 336 1636 mihi,
358 1577 412 1618 eur
426 1566 547 1620 nostras
560 1560 685 1619 Inchoat
698 1555 754 1617 illa
771 1555 887 1637 dapes?

399 1692 465 1754 XV.
488 1691 593 1775 Ligno
608 1711 740 1773 acapna.

130 1804 164 1866 Si
175 1805 274 1865 vicina
288 1806 346 1865 tibi
359 1805 511 1865 Nomento
526 1825 598 1864 rura
614 1803 772 1881 colantur,

172 1888 221 1948 Ad
236 1888 337 1949 villam
353 1908 479 1965 moneo,
501 1890 633 1964 rustice,
654 1887 739 1966 ligna
754 1888 847 1947 feras.
873 1887 876 1894 '

465 2021 546 2083 XVI.
569 2020 670 2099 Rapa.

131 2118 220 2178 Haec
236 2118 295 2177 tibi
310 2117 441 2178 brumali
456 2116 619 2197 gaudentia
632 2116 750 2194 frIgore
765 2135 846 2195 rapa,

175 2203 260 2279 Quae
277 2199 397 2280 damus,
418 2204 450 2261 in
467 2201 552 2262 caelo
566 2198 715 2260 Romulus
731 2217 801 2259 esse
816 2198 907 2260 solet.

374 2335 467 2398 XVII.
492 2335 610 2397 Fasces
623 2333 755 2396 oolr‘cuII.

72 2479 73 2483 ,
129 2431 176 2492 Ne
190 2432 249 2491 tibi
265 2430 421 2511 pallentes
436 2439 578 2494 moveant
591 2432 716 2493 fastidia
731 2430 850 2510 caules,

171 2515 291 2576 NItrata
305 2517 413 2578 viridis
430 2518 564 2578 brassica
580 2519 635 2577 fiat
649 2536 735 2596 aqua.

391 2646 498 2709 XVIII.
521 2649 613 2709 Pom'
624 2649 739 2709 sectivi.

130 2736 200 2798 Fila
216 2739 380 2803 Tarentini
395 2748 530 2822 graviter
545 2745 721 2805 redolentia
735 2744 823 2824 porri

171 2821 271 2883 Edisti
288 2828 446 2905 quotiens,
470 2827 573 2887 oscula
588 2829 670 2888 clusa
686 2828 767 2888 dato.

393 2950 473 3013 XIX.
496 2951 586 3013 Porri
600 2955 738 3033 capitati.

129 3046 232 3106 Mittit
245 3048 429 3126 praecipuos
441 3046 608 3109 nemoralis
628 3050 731 3109 Aricia
745 3068 865 3131 porros.

172 3130 207 3190 In
221 3131 311 3190 niveo
326 3130 442 3190 virides
457 3134 563 3212 stipite
578 3152 672 3194 cerne
688 3154 796 3195 comas.

128 3360 196 3420 Hos
211 3363 389 3422 Amiternus
407 3263 766 3440 agerXIsKlicIIrIajIneducat
780 3365 900 3425 hortiss

175 3444 323 3506 NursInas
337 3447 456 3526 poteris
470 3449 592 3528 parcius
609 3466 678 3508 esse
696 3445 783 3528 pilas.
824 3523 827 3529 Ι

865 3567 880 3593 ‘
985 3529 1128 3620 Α
