2370 3840
107 209 169 276 132
428 210 473 271 M.
489 208 580 271 VAL.
596 208 821 270 MARTIALIS

592 411 657 472 XX.

192 531 302 608 Mutua
315 535 347 589 te
364 533 486 588 centnm
502 529 647 602 sestertia
656 569 665 604 ‚
687 527 831 606 Phoebe,
853 530 972 607 rogavi,

234 615 310 676 Gom
324 614 399 672 mihi
415 611 545 671 dixisses
560 612 679 689 „exigis
692 629 768 688 crgo
782 610 907 671 nihil?“

190 699 341 779 lnqniris,
365 695 504 772 dubitas,
526 695 679 755 cuncteris
695 713 806 774 meque
822 693 931 755 diebus

193 799 196 803 ’
233 784 343 861 Teque
359 781 467 840 decem
483 781 617 838 crucias:
636 780 697 838 iam
712 797 805 858 rogo,
823 779 968 858 Phoebe,
992 799 1079 859 nega.

584 911 664 972 XXI.

192 1029 381 1108 Perpetuam
396 1024 514 1086 Stellae
531 1024 602 1085 dnm
615 1027 716 1105 iungit
728 1026 869 1087 Ianthida
882 1028 943 1088 vati

231 1111 328 1172 Laeta
342 1111 465 1188 Venus,
487 1107 564 1170 dixit
579 1107 675 1188 „Plus
690 1108 764 1170 dare
781 1130 843 1170 non
857 1110 976 1190 potui.“

189 1197 276 1256 Haec
295 1215 397 1256 coram
413 1193 552 1269 domina;
573 1193 629 1253 scd
646 1195 777 1273 nequius
790 1192 870 1254 illud
882 1195 915 1254 in
930 1212 1018 1253 aare:

231 1281 304 1359 „Tu
321 1298 362 1341 ne
378 1278 452 1358 qnid
466 1296 589 1359 pecces,
604 1278 746 1355 exitione,
759 1277 840 1340 vide.

168 1364 293 1445 oSaepe
309 1383 366 1443 ego
380 1361 527 1424 lascivom
539 1362 674 1423 Martem
687 1361 854 1423 furibunda
868 1360 984 1440 cecidi,

229 1449 399 1528 Legitimos
417 1453 500 1508 esset
515 1466 583 1506 cum
596 1466 687 1524 vagus
702 1453 773 1508 ante
788 1454 883 1508 toros.

190 1530 253 1592 Sed
268 1537 429 1612 postquam
444 1549 529 1591 mens
545 1536 608 1606 est,
629 1529 713 1590 nulla
728 1550 777 1592 me
791 1529 904 1612 pellice
918 1529 1023 1591 laesit=

233 1616 312 1675 Tam
326 1615 409 1692 frugi
423 1615 497 1674 luno
510 1611 609 1673 vellet
622 1614 739 1674 habere
753 1615 887 1676 lovem.“

190 1699 292 1777 Dixit,
314 1705 347 1758 et
362 1717 473 1757 arcano
487 1698 642 1777 percussit
655 1702 784 1776 pectora
795 1697 873 1757 loro.

148 1792 184 1845 10
232 1781 327 1860 Plaga
342 1783 439 1841 iuvat:
460 1779 515 1841 sed
531 1784 567 1838 tu
581 1779 657 1859 iam,
682 1778 757 1859 dea,
779 1799 872 1861 parce
887 1785 951 1840 tuo.

579 1916 671 1978 XXll.

191 2025 281 2104 Quod
295 2028 401 2108 nubis,
423 2028 602 2106 Proculina,
623 2029 809 2107 concubino,

189 2112 231 2174 Et
244 2113 406 2173 moechum
421 2112 530 2193 modo,
551 2134 632 2174 nunc
646 2113 723 2174 tacis
737 2114 897 2190 maritum,

185 2194 237 2257 ,Ne
250 2194 303 2257 lex
316 2196 392 2258 lulla
405 2203 437 2257 te
454 2204 563 2258 notare
576 2198 690 2278 possit:

190 2278 259 2340 Non
273 2282 379 2359 nubis,
390 2279 581 2360 'Proculina,
604 2280 659 2340 sed
678 2281 796 2342 fateris.

454 2460 459 2478 ι
576 2415 682 2476 ΧΧΙΙΙ.

190 2530 281 2590 Stare
296 2532 384 2591 iubes
399 2537 538 2592 nostrum
552 2549 676 2611 semper
690 2533 771 2610 tibi,
785 2531 914 2608 Lesbia,
935 2548 1061 2611 penam:

233 2612 337 2675 Crede
349 2617 440 2693 mihi,
459 2635 521 2676 non
536 2623 585 2676 est
599 2614 752 2694 mentula,
773 2613 856 2694 qnod
870 2613 994 2693 digitus.

193 2696 244 2758 Τιι
258 2695 336 2758 licet
351 2704 384 2759 et
397 2701 535 2760 manibus
549 2697 671 2761 blandis
687 2707 720 2761 et
735 2700 860 2759 vocibus
873 2700 987 2778 instes,

233 2782 281 2842 'Pe
297 2790 405 2844 contra
418 2783 514 2846 facies
528 2785 695 2866 imperiosa
711 2790 763 2844 tua
778 2788 836 2843 est.
901 2808 903 2812 ’

573 2919 683 2982 XXIV.

190 3026 242 3090 Nil
255 3026 398 3090 lascivius
412 3036 462 3091 est
477 3032 673 3092 Charisiano:

191 3110 405 3175 Saturnalibus
419 3115 552 3177 ambulat
566 3119 697 3194 togatus.

573 3246 670 3312 XXV.

191 3357 395 3436 Marcelline,
416 3359 490 3418 boni
505 3356 628 3420 suboles
643 3360 764 3441 sincera
777 3359 936 3439 parentis,

233 3441 370 3503 Horrida
384 3442 549 3503 Parrhasio
565 3461 655 3523 quem
673 3449 761 3504 tenet
774 3462 847 3506 ursa
859 3443 949 3524 ingo,
