2370 3840
418 149 463 211 Μ.
478 147 569 211 VAL.
588 146 814 207 MARTIALIS

579 338 654 409 Llll.

180 466 288 542 Hunc,
312 483 403 543 quem
417 482 510 544 saepe
524 463 611 523 vides
626 464 709 522 intra
722 460 894 541 penetralia
906 468 1035 524 nostrae

122 581 124 584 ⁴
221 547 364 608 Pallados
379 555 412 609 et
425 546 535 628 templi
549 546 671 624 limina,
695 547 823 624 Cosme,
844 547 915 606 novi

181 634 257 693 (lum
272 631 382 693 baculo
395 650 533 713 peraque
548 648 668 708 senem,
692 630 740 690 cui
756 649 829 689 cana
842 631 1006 710 putrisque

223 716 291 776 Stat
306 736 392 776 coma
408 723 441 776 et
454 718 486 776 in
505 721 614 795 pectus
629 713 754 773 sordida
769 715 865 774 barba
879 713 980 790 cadit3

158 800 281 863 50erea
296 820 386 879 quem
401 799 476 860 nudi
491 801 571 877 tegit
584 817 661 857 uxor
676 796 778 858 abolla
793 798 928 876 grabati,
1021 838 1029 855 0

223 884 281 945 cui
297 884 349 945 dat
363 884 491 944 latratos
507 883 594 943 obvia
608 883 698 941 turba
716 883 819 956 cibos3

180 968 259 1029 Esse
273 974 362 1048 putas
377 969 525 1047 Cynicum
542 966 691 1045 deceptus
706 966 839 1043 imagine
853 964 941 1024 ficta:

222 1051 291 1112 Non
306 1058 355 1111 est
369 1053 420 1112 hic
434 1051 585 1130 Cynicus,
609 1049 735 1110 cosme:
761 1048 836 1128 quid
850 1048 948 1126 ergo‘l.
971 1048 1076 1114 Canis.

496 1177 501 1185 ’
577 1183 654 1246 LIV.
764 1187 769 1193 ’

182 1297 208 1358 0
225 1298 274 1358 cui
290 1298 440 1379 Tarpeias
454 1295 544 1358 licuit
557 1297 738 1374 contingere
755 1312 887 1372 quercus

222 1382 264 1442 Et
278 1383 404 1442 meritas
418 1384 517 1463 prima
533 1383 658 1458 cingere
673 1377 785 1438 fronde
802 1398 918 1456 comas,

183 1466 216 1526 Si
231 1467 327 1545 sapis,
351 1469 447 1526 utaris
461 1468 552 1543 totis,
574 1463 712 1541 Colline,
735 1461 843 1522 diebus

222 1548 464 1628 Extremumque
479 1551 537 1609 tibi
552 1566 675 1627 semper
691 1545 799 1606 adesse
815 1552 915 1626 putes.

161 1633 337 1696 5Lanilicas
352 1632 432 1692 nulli
447 1640 512 1693 tres
528 1650 657 1692 exorare
672 1628 793 1710 puellas

226 1716 382 1795 Contigit:
405 1719 570 1777 observant
585 1719 828 1794 quem-statuere
845 1713 937 1776 diem.

182 1801 315 1861 Divitior
330 1801 461 1880 Crispo,
484 1801 623 1860 Thrasea
638 1801 828 1859 constantior
841 1800 909 1878 ipso
967 1875 975 1886 ὃ

224 1883 352 1945 Lautior
369 1892 401 1945 et
420 1883 519 1944 nitido
536 1884 578 1944 sis
592 1881 728 1944 Meliore
744 1881 835 1943 licet:

182 1967 234 2029 Nil
250 1967 344 2028 adicit
357 1988 454 2049 penso
469 1969 615 2029 Lachesis
630 1968 776 2046 fusosque
792 1985 933 2027 sororum

141 2061 176 2117 lo
224 2051 368 2134 Explicat
383 2061 415 2114 et
430 2072 553 2134 semper
569 2053 608 2112 de
623 2054 723 2112 tribus
736 2071 797 2111 una
810 2058 903 2111 secat.

585 2200 650 2261 LV.

183 2313 275 2390 Luci,
299 2313 396 2391 gloria
410 2319 582 2392 temporum
600 2319 738 2390 tuorum,

185 2396 244 2472 Qui
259 2397 367 2456 Gaium
382 2403 521 2456 veterem
537 2396 717 2474 Tagumque
732 2401 871 2456 nostrum

34 2498 38 2505 ’
185 2480 279 2559 Arpis
295 2479 408 2539 cedere
424 2499 487 2538 non
502 2480 577 2538 sinis
593 2479 735 2539 disertis:

184 2564 313 2640 Argivas
328 2569 493 2642 generatus
504 2564 587 2622 inter
602 2564 695 2622 urbes

163 2647 312 2710 oThebas
328 2649 462 2707 carmine
478 2652 582 2706 cantet
597 2653 630 2706 et
643 2646 809 2724 Mycenas,
854 2672 858 2680 ·

184 2726 247 2790 Aut
261 2728 374 2790 claram
388 2730 520 2791 Rhodon
535 2738 586 2790 aut
599 2729 783 2815 libidinqsae

183 2813 322 2887 Ledaeas
337 2814 584 2896 Lacedaemon'ps
598 2813 775 2895 palaestras.

184 2897 247 2958 Nos
263 2895 361 2958 Celtis
377 2901 497 2976 genitos
513 2904 546 2958 et
562 2917 599 2958 ex
613 2900 740 2969 Hiberis

184 2981 316 3043 Nostrae
329 2983 452 3042 nomina
468 2981 592 3041 duriora
606 2990 710 3042 terrae

143 3068 281 3130 10Grato
296 3086 358 3125 non
373 3065 488 3145 pudeat
502 3067 625 3127 referre
638 3086 746 3128 versu:

184 3152 281 3212 Saevo
296 3149 423 3210 Bilbilin
440 3151 583 3230 optimam
598 3149 740 3229 metalla,

185 3237 270 3311 Quae
285 3236 380 3294 vincit
395 3234 611 3314 Chalybasque
626 3235 836 3314 Noricosque,

184 3319 226 3382 Et
239 3319 325 3379 ferro
340 3319 476 3380 Plateam
492 3338 547 3378 sno
562 3325 738 3396 sonantem,

186 3405 281 3481 Quam
295 3405 391 3464 fluctu
406 3403 509 3482 tenui,
532 3401 589 3462 sed
604 3404 743 3479 inquieto
