2370 3840
127 206 187 272 188
451 209 495 272 Μ.
511 209 603 272 VAL.
619 209 844 270 MARTIALIS

210 360 301 419 Hunc
316 379 374 420 nee
389 361 559 440 Cinyphius
574 367 682 421 tonsor
696 359 875 439 violaverit,
891 367 923 421 et
937 367 972 422 tu

252 444 321 522 lpse
336 451 389 507 tua
402 447 487 524 pasci
501 447 580 524 vite,
601 445 722 524 Lyaee,
745 443 832 508 velis.

210 526 314 605 'l'erga
327 529 442 608 premit
456 529 585 607 pecudis
600 530 730 607 geminis
745 529 841 589 Amor
856 546 967 588 aureus
983 527 1039 588 alis

178 647 181 656 ·
251 609 407 671 Palladius
423 616 534 673 tenero
548 612 630 673 lotos
648 615 684 672 ab
703 631 758 672 ore
774 618 871 673 sonat.

168 701 201 756 lb
207 694 259 754 Sic
273 696 493 775 Methymnaeo
509 699 627 775 gavisus
641 697 758 757 Arione
775 696 902 776 delphin

249 779 406 858 Languida
420 800 482 840 non
495 782 622 840 tacitum
636 799 695 861 per
709 782 792 841 freta
806 781 889 840 veuit
905 798 991 839 onus.

207 863 324 923 imbuat
339 865 497 943 egregium
515 863 607 942 digno
622 866 697 924 mihi
712 870 840 925 nectare
853 882 961 924 munus

249 945 318 1007 Nou
336 966 431 1026 grege
451 947 490 1007 de
506 947 637 1026 domini,
659 947 715 1007 sed
730 954 798 1026 tua,
822 949 932 1024 Ceste,
955 965 1061 1008 manus
1095 947 1098 952 ’

104 1026 107 1032 ’
208 1030 320 1109 (leste,
344 1031 438 1091 decus
454 1050 595 1111 mensae,
616 1033 712 1092 misce
726 1032 849 1092 Setina:
871 1031 994 1092 videtur

164 1121 200 1174 20
248 1114 318 1195 lpse
333 1134 413 1195 puer
426 1117 533 1194 nobis,
551 1118 620 1197 ipse
635 1117 724 1176 sitire
742 1134 844 1196 caper.

207 1198 269 1258 Det
282 1217 443 1259 numerum
458 1202 577 1279 cyathis
592 1201 721 1260 lnstauti
735 1198 844 1262 littera
858 1199 943 1261 Ruti:

248 1283 368 1343 Auctor
383 1286 465 1344 enim
478 1286 558 1344 tanti
575 1285 712 1344 muneris
729 1282 784 1344 ille
801 1285 885 1344 mihi.

208 1364 241 1425 Si
256 1366 429 1429 Telethusa
443 1370 528 1429 venit
540 1370 753 1449 promissaque
769 1367 878 1446 gaudia
891 1370 1012 1447 portat,
1031 1402 1033 1406 .

251 1449 404 1512 Servabor
420 1452 577 1532 dominae,
596 1453 694 1536 Rufe,
716 1454 834 1512 triente
848 1458 919 1525 tuo;

165 1531 242 1594 25Si
255 1532 348 1593 dubia
365 1542 430 1614 est,
452 1542 600 1616 septunce
614 1539 737 1612 trahar;
759 1537 785 1596 ιί
800 1533 883 1596 fallit
900 1538 1053 1595 amantem

249 1616 293 1676 Ut
307 1617 443 1696 iugulem
459 1639 563 1698 curas,
586 1639 698 1680 nomen
710 1626 875 1700 utrumque
889 1619 1000 1679 bibam.

614 1763 676 1824 Lll.

207 1871 381 1932 Tonsorem
394 1891 541 1952 puerum,
563 1873 620 1935 sed
635 1881 702 1935 arte
716 1874 827 1955 talem,

207 1955 312 2032 Qualis
326 1974 385 2017 nec
401 1956 566 2018 Thalamus
583 1959 643 2019 fuit
658 1960 808 2039 Neronis,

206 2040 375 2101 Drusorum
392 2044 441 2100 cu'i
456 2044 615 2121 contigere
632 2044 763 2123 barbae,

206 2123 392 2205 Aequandas
407 2125 506 2186 semel
523 2127 561 2186 ad
577 2146 671 2206 genas
686 2133 811 2207 rogatus

184 2208 305 2286 5Rufo,
328 2208 530 2289 Caediciane,
554 2211 750 2272 commodavi.

205 2292 283 2352 Dum
299 2294 399 2353 iussus
414 2296 532 2374 repetit
546 2295 626 2375 pilos
641 2295 784 2374 eosdem,

206 2376 345 2437 Censura
357 2376 478 2456 speculi
492 2398 613 2439 manum
626 2384 775 2458 regente,

204 2460 413 2540 Expingitque
429 2467 530 2522 cutem
544 2462 681 2541 facitque
696 2462 818 2542 longam

205 2543 352 2603 Detonsis
367 2545 592 2625 epaphaeresin
607 2545 744 2626 capillis,

164 2627 353 2688 10Barbatus
367 2628 444 2688 mihi
455 2636 564 2689 tonsor
579 2635 628 2690 est
640 2649 793 2692 reversus.

605 2758 680 2821 Llll.

205 2869 440 2932 Formosissima
455 2891 533 2952 quae
547 2874 636 2934 fuere
651 2872 701 2934 rel
715 2879 802 2951 aunt,

207 2951 272 3013 Sed
286 2952 433 3014 vilissima
448 2974 526 3034 quae
540 2957 630 3017 fuere
645 2957 694 3017 vel
710 2962 797 3035 sunt,

206 3036 338 3116 Oquam
355 3043 387 3098 te
401 3039 489 3117 lieri,
511 3039 651 3119 Catulla,
671 3039 785 3101 sellem

204 3120 385 3182 Formosam
399 3123 516 3201 miuus,
539 3129 590 3183 aut
604 3126 699 3204 magis
713 3123 870 3206 pudicam!

605 3251 682 3313 LIV.

205 3364 320 3442 Magna
335 3364 412 3426 licet
425 3366 541 3426 totiens
555 3366 692 3443 tribuas,
713 3367 829 3425 maiora
843 3363 970 3426 daturus

247 3449 351 3529 Dona,
373 3448 484 3510 dueum
500 3451 616 3529 victor,
639 3450 737 3510 victor
755 3451 868 3530 etipse
883 3449 946 3527 tui,

102 3600 154 3624 -μ
