2370 3840
105 188 169 254 aec
428 189 474 252 n.
489 189 581 251 van.
597 138 823 257 nrannnn

453 392 618 456 LXXXIV.
642 389 803 453 Manuale.

191 494 239 555 Ne
254 499 326 572 toga
340 492 485 552 barbatas
499 492 593 552 faciat
606 490 656 551 vel
670 489 801 570 paenula
813 486 937 569 libros,

234 578 321 638 Haec
338 578 422 638 abies
438 577 554 636 chartis
569 582 710 655 tempora
724 573 815 652 langa
831 572 931 637 dabit.

386 710 537 772 LXXXV.
557 709 673 771 Lectus
687 709 871 789 pavoninus.

190 809 320 869 Nomina
335 806 389 868 dat
401 806 538 888 spondae
552 809 644 886 pictis
657 804 868 886 pulcherrime
884 808 1000 887 pinnis

232 894 320 955 Nunc
335 893 459 952 lunonis
474 893 553 969 avia,
575 890 632 951 aed
645 893 732 970 prius
747 892 848 969 Argus
863 899 945 954 erat.

436 1024 600 1089 cxxxvi.
620 1023 819 1106 eptimam.

192 1123 336 1203 Stragnda
353 1124 502 1184 succincti
517 1128 645 1182 venator
662 1141 747 1182 sume
761 1121 879 1183 veradt

234 1209 311 1269 Nam
328 1208 409 1269 salet
423 1229 441 1268 e
454 1206 536 1267 nude
555 1225 683 1284 surgere
700 1208 776 1268 ficus
791 1224 880 1286 equa.

436 1341 624 1403 -axxxvn,
648 1339 799 1402 Stibadia.

194 1440 309 1520 Accipe
324 1439 428 1501 lunata
441 1441 588 1519 scriptum
604 1437 761 1499 testudine
775 1439 886 1517 sigma3

236 1523 314 1583 Octa
330 1525 427 1603 cepit3
448 1525 552 1584 veniet
566 1524 704 1602 quiaquia
719 1523 832 1582 amicus
846 1524 919 1587 erit.

409 1656 603 1719 cxxxviii
627 1637 853 1718 curatorem.

191 1757 370 1819 Femineam
385 1757 475 1815 nobis
490 1756 623 1815 cherson
638 1757 665 1814 si
679 1755 782 1815 eredis
796 1756 920 1832 inesse,

234 1840 413 1920 Deciperia:
434 1836 537 1919 pelagi
554 1836 689 1898 mascula
702 1837 818 1920 praeda
832 1858 949 1901 sumus.

424 1974 589 2037 Lxxxix.
611 1972 722 2035 Mensa
735 1976 842 2035 citrea.

192 2075 308 2154 Accipe
323 2071 450 2152 felices,
472 2074 628 2135 Atlantica
641 2092 782 2151 munera,
804 2069 912 2132 silvas:

234 2158 337 2218 Aurea
355 2159 408 2237 qui
422 2157 547 2220 dederit
561 2157 656 2235 dana,
677 2159 796 2217 minora
811 2154 906 2220 dabit.

460 2291 525 2352 XC.
549 2291 658 2354 Mensa
672 2311 797 2352 nemu.

191 2389 260 2450 Non
274 2408 340 2449 aum
356 2391 457 2469 crispa
472 2390 613 2469 quidem,
633 2408 692 2449 nec
708 2389 802 2450 silvae
816 2386 882 2448 filia
898 2388 1057 2474 Maurae,

235 2473 297 2534 Sed
312 2480 427 2533 norunt
441 2472 540 2535 lautas
555 2481 588 2534 et
600 2492 668 2534 mea
683 2472 768 2552 ligna
782 2471 885 2553 dapes.

458 2607 537 2668 XCI.
559 2607 681 2668 Dentes
695 2609 803 2669 eborei.
861 2622 863 2626 ·

192 2703 329 2766 Grandia
343 2712 501 2768 taurorum
515 2712 642 2785 portant
659 2707 711 2783 qui
725 2725 872 2786 corpora,
894 2706 1047 2788 qnaeris,

235 2787 284 2846 An
298 2788 429 2870 Libycas
445 2792 566 2877 possint
579 2790 762 2850 sustinuisse
778 2789 906 2849 trabes?

450 2924 541 2986 xcn.
566 2922 806 3004 Quinquepedal.

192 3017 312 3078 Puncta
326 3026 414 3081 netas
428 3020 493 3083 ilex
507 3027 540 3082 et
555 3028 643 3082 acuta
658 3019 785 3100 cuspide
801 3019 887 3081 clusa

235 3102 335 3182 Saepe
354 3103 562 3187 redemptoris
575 3104 712 3187 prodere
725 3105 810 3166 furta
824 3102 914 3167 solet.
975 3119 978 3124 ·

405 3237 511 3299 XCIII.
532 3238 650 3302 Pocula
665 3239 842 3320 archetypa.

190 3335 260 3395 Nan
275 3341 324 3397 eat
336 3335 397 3396 istc
411 3353 539 3413 recens,
561 3356 620 3397 nec
635 3340 735 3398 nostri
749 3337 850 3417 gloria
866 3335 961 3412 caeli;

232 3419 353 3481 Primus
367 3421 399 3480 in
414 3420 466 3481 his·
477 3419 620 3496 Mentor,
638 3421 708 3482 dum
723 3423 800 3483 facit
811 3419 880 3501 illa,
901 3421 992 3486 bibit.
