2370 3840
378 624 424 700 n.
453 626 558 699 vnn.
585 627 839 704 nonrmns

295 795 926 894 tricliniaria

500 979 660 1040 LIBER
686 981 724 1042 X.

601 1165 622 1224 l.

174 1278 207 1337 Si
221 1276 332 1337 nimius
346 1276 455 1337 videor
470 1295 601 1357 seraque
616 1278 764 1340 coronide
777 1278 888 1360 longus

214 1361 292 1422 Esse
306 1360 404 1439 liber,
422 1360 521 1441 legito
534 1383 645 1442 pauca:
666 1362 790 1425 libellus
805 1383 869 1428 ero.

174 1443 301 1522 Terque
317 1450 487 1523 quaterque
501 1448 576 1506 milri
590 1448 696 1507 finitur
711 1449 845 1509 carmine
861 1469 956 1529 parvo

213 1525 342 1606 Pagina:
363 1528 413 1587 iac
427 1531 484 1588 tibi
497 1548 546 1590 me
565 1550 654 1610 quam
668 1533 753 1611 cupis
768 1551 838 1593 esse
853 1535 988 1598 brevem.

602 1664 636 1723 ll.

171 1773 330 1833 Festinata
343 1773 431 1854 prior
449 1772 560 1835 decimi
574 1776 649 1835 mihi
663 1794 735 1834 cura
749 1772 852 1835 libelli

216 1855 361 1938 Elapsum
375 1860 514 1921 manibus
527 1880 609 1920 nunc
622 1860 777 1919 revocavit
790 1878 876 1939 opus.

173 1942 252 2002 Nota
265 1942 352 2021 leges
366 1943 531 2023 quaedam,
551 1943 608 2005 sed
621 1943 696 2005 lima
710 1962 779 2002 rasa
792 1947 930 2006 recenti:

212 2026 289 2086 Pars
303 2047 380 2088 nora
395 2030 492 2088 maior
506 2031 582 2089 erit:
602 2028 720 2104 lector,
742 2029 866 2105 utrique
879 2031 966 2110 fare,

150 2111 304 2190 5Lector,
327 2131 403 2192 opes
419 2119 559 2174 nostrae:
578 2133 668 2193 quem
690 2130 758 2170 cum
772 2112 848 2172 mihi
862 2114 959 2176 Romo
975 2114 1132 2201 dedisset,

213 2193 286 2272 „Nil
299 2197 357 2256 tibi
373 2196 455 2275 qnod
471 2196 577 2258 demus
593 2198 688 2257 maius
703 2195 872 2256 habemus“
889 2200 940 2259 ait.

171 2278 285 2356 „Pigra
297 2298 356 2360 per
370 2281 451 2341 hunc
465 2282 566 2361 fugies
578 2282 717 2360 ingratae
731 2279 855 2340 flumina
868 2280 986 2344 Lethes

212 2363 254 2424 Et
268 2363 397 2425 meliore
410 2366 457 2425 tui
469 2372 559 2445 parte
573 2369 731 2444 superstes
746 2363 818 2424 eris.

171 2447 328 2507 Marmora
340 2447 494 2509 Messalae
508 2447 599 2507 findit
614 2447 774 2528 caprificus
790 2454 823 2506 et
837 2447 934 2510 audax

131 2540 164 2591 10
211 2529 360 2591 Dimidios
376 2532 479 2611 Crispi
494 2530 587 2592 mulio
602 2532 685 2591 ridet
699 2548 809 2609 equos:
878 2610 881 2616 Ι

171 2614 213 2672 At
226 2613 341 2674 chartis
354 2634 413 2677 nec
426 2617 490 2676 fata
504 2622 618 2676 nocent
632 2621 665 2677 et
678 2613 799 2675 saecula
812 2622 959 2696 prosunt,

214 2693 347 2776 Solaque
362 2719 423 2760 non
438 2707 552 2761 norunt
566 2703 643 2762 haec
658 2699 844 2761 monimenta
860 2701 972 2764 mori.“

579 2835 628 2896 lll.

170 2940 412 3007 Vernaculorum
428 2943 526 3025 dicta,
547 2946 704 3008 sordidum
721 2946 862 3028 dentem,

170 3028 212 3088 Et
226 3026 318 3087 foeda
331 3024 455 3105 linguae
469 3033 584 3108 probra
599 3029 820 3110 circulatricis,

171 3113 256 3187 Quae
271 3107 451 3190 sulphurato
470 3112 550 3173 nolit
564 3121 666 3196 empta
679 3120 819 3178 ramento

169 3195 363 3258 Vatiniorum
375 3202 545 3274 proxeneta
558 3199 744 3277 fractorum,

148 3280 270 3341 5l’oeta
285 3279 408 3360 quidam
423 3277 626 3341 clancularius
640 3285 758 3362 spargit

55 3380 118 3539 ἱ
169 3364 212 3424 ut
226 3363 292 3426 rolt
305 3364 405 3427 rideri
420 3370 535 3427 nostra.
566 3365 677 3426 credis
691 3369 768 3447 hoc,
789 3366 914 3447 Prisce,
