2370 3840
136 195 197 259 ³18
460 191 507 255 Μ.
522 189 614 253 VAL.
630 187 856 249 MAR'llALlS

441 393 490 452 Gl.
517 391 628 452 Oleum
650 389 873 466 Venafranum.

160 539 163 545 ·
220 496 290 555 Hoc
304 493 362 553 tibl
376 490 523 572 Campani
538 487 658 549 sudavit
673 489 748 547 baca
762 486 893 550 Venafri

263 579 475 656 Unguentum:
494 574 637 652 quotiens
652 571 762 648 sumis,
786 575 819 630 et
832 568 916 647 istud
930 567 1011 633 olet.

467 707 527 767 011.
553 706 671 765 Garum
685 707 848 766 sociorum.

221 807 398 889 Expirantis
417 805 516 865 adhuc
531 803 664 864 scombri
681 801 720 862 de
735 803 882 880 sanguine
896 802 1001 881 primo

263 892 379 971 Accipe
395 890 559 965 santonum,
581 905 708 946 munera
723 905 808 964 cara,
828 904 944 965 garum.

456 1022 531 1082 Glll.
558 1020 719 1102 Amphora
732 1020 861 1080 muriae.

221 1120 444 1202 Antipolitani,
465 1120 587 1197 fateor,
610 1137 676 1177 sum
689 1117 753 1178 filia
768 1116 890 1196 thynni:

263 1207 373 1268 Essem
387 1206 413 1264 si
428 1204 577 1280 scombri,
600 1220 662 1261 non
676 1202 735 1261 tibi
749 1203 841 1260 missa
855 1201 966 1264 forem.

496 1336 573 1400 CIV.
596 1336 661 1396 Met
675 1335 828 1396 Atticum.

221 1439 290 1498 Hoc
303 1439 363 1498 tibi
376 1437 494 1497 Thesei
507 1434 683 1517 populatrix
695 1436 780 1494 misit
793 1433 934 1513 Hymetti

264 1520 408 1581 Pallados
425 1519 539 1581 asilvis
552 1519 657 1580 nobile
672 1526 780 1579 nectar
796 1519 870 1598 apis.

310 1630 334 1671 ⁵
519 1654 583 1717 GV.
607 1653 688 1714 Favi
698 1651 807 1714 Siculi.

225 1753 302 1812 Gom
321 1748 448 1809 dederis
467 1749 589 1810 Siculos
602 1750 723 1810 mediae
738 1750 778 1810 de
794 1747 926 1810 collibus
941 1748 1096 1833 Hyblae,

264 1833 436 1915 'Cecropios
453 1832 536 1894 dieas
552 1841 586 1894 tu
599 1832 677 1895 licet
690 1851 759 1894 esse
774 1835 869 1895 favos.

542 1969 619 2033 cvl.
640 1969 780 2033 Possum.

225 2067 340 2128 Gnosia
354 2067 479 2128 Minoae
495 2069 602 2148 genuit
615 2067 768 2127 vindemia
783 2067 895 2127 Cretae

216 2150 221 2157 ’
265 2152 334 2212 Hoc
349 2152 423 2231 tibi,
445 2151 529 2230 quod
543 2150 675 2213 mulsum
688 2151 833 2232 pauperis
849 2166 918 2210 esse
933 2147 1030 2213 solet.

529 2286 621 2348 cvfl.
643 2264 793 2347 Rootalm.

223 2384 309 2443 Haeo
325 2381 364 2442 de
378 2384 503 2444 vitifera
517 2385 639 2444 venisse
652 2386 754 2464 picata
770 2384 891 2445 Vienna

265 2468 312 2527 Ne
327 2465 467 2546 dubites,
489 2469 573 2527 misit
587 2465 735 2528 Romulus
749 2468 817 2547 ipse
832 2466 917 2527 mibi.

519 2601 624 2662 cvfll.
647 2599 795 2661 Mulsum.

225 2697 328 2758 Attica
342 2705 522 2758 nectareum
536 2698 669 2757 turbatis
680 2695 775 2756 mella
790 2695 966 2768 Falernum.

266 2781 397 2842 Misceri
411 2782 503 2844 decet
517 2783 577 2842 hoe
593 2801 610 2841 a
626 2781 805 2862 Ganymede
820 2799 947 2844 merum.

525 2916 602 2978 clx.
628 2917 798 2978 Albanum.

223 3027 292 3086 Hoc
307 3024 347 3085 de
363 3026 524 3090 Caesareis
539 3031 623 3091 mitis
637 3029 790 3090 vindemia
805 3025 894 3088 cellis
958 3050 963 3060 ·

167 3139 169 3144 ·
264 3111 369 3188 Misit,
389 3109 473 3171 luleo
489 3132 567 3192 quae
584 3116 644 3174 sibi
658 3120 762 3174 monte
777 3111 889 3192 placet.

502 3245 567 3307 CX.
588 3246 820 3310 Surrentinum.

225 3341 409 3404 Surrentina
423 3343 527 3404 bibis?
548 3363 608 3404 nee
625 3346 761 3405 murrina
775 3345 874 3424 picta,
897 3359 956 3402 nec
970 3359 1082 3404 aurum

267 3427 376 3490 Sume:
399 3427 515 3490 dabunt
529 3426 641 3489 calices
655 3430 732 3489 haee
747 3429 805 3489 tibi
818 3428 889 3488 vina
902 3443 984 3487 suos.
