2370 3840
108 174 174 239 112
438 175 483 237 M.
499 176 589 238 VAL.
606 174 831 240 MARTIALIS

600 379 658 439 XX

197 495 232 555 Si
246 500 348 555 tecum
361 495 452 571 mihi,
475 513 546 554 care
560 494 731 574 Martialis,

197 579 322 639 Securis
335 578 431 639 liceat
445 578 508 638 frui
522 578 646 656 diebus,

197 663 232 723 Si
246 663 413 743 disponere
427 668 549 742 tempus
565 665 697 723 otiosum

196 748 238 808 Et
253 765 344 808 verae
358 749 478 828 pariter
491 765 600 806 vacare
614 749 710 806 vitae:

174 831 334 912 5Neetnos
349 833 444 908 atria,
465 849 524 889 neo
539 828 645 890 domos
661 835 839 911 potentum,

197 915 262 975 Neo
276 915 349 975 lites
364 916 491 975 tetricas
506 913 669 993 forumque
683 916 774 983 triste

198 997 383 1076 Nossemus,
405 1017 463 1058 nee
477 999 625 1076 imagines
640 999 804 1078 superbas;

198 1082 262 1142 Sed
278 1084 426 1163 gestatio,
445 1081 585 1159 fabulae,
606 1081 725 1159 libelli,

198 1162 348 1248 Campus,
370 1169 525 1247 porticus,
547 1168 670 1244 umbra,
693 1169 794 1244 virgo,
815 1166 973 1243 thermae,

156 1252 282 1314 lollaeo
298 1258 404 1312 essent
419 1250 488 1310 loca
502 1269 641 1331 semper,
662 1251 696 1310 hi
709 1250 842 1333 labores.

197 1335 286 1396 Nunc
300 1338 375 1396 vivit
389 1340 520 1395 necuter
535 1336 594 1394 sibi
608 1337 768 1412 bonosque

198 1419 289 1480 Soles
306 1421 444 1498 effugere
460 1426 552 1498 atque
568 1421 653 1480 abire
669 1419 780 1496 sentit,

199 1505 258 1580 Qui
272 1506 360 1563 nobis
374 1510 508 1584 pereunt
522 1512 555 1564 et
569 1506 765 1584 imputantur.

199 1588 365 1667 Quisquam
379 1590 483 1647 vivere
498 1607 566 1647 cum
581 1590 672 1664 sciat,
695 1583 853 1646 moratur?

592 1722 673 1784 XXI.

199 1834 345 1910 Quintum
360 1854 417 1914 pro
434 1835 577 1911 Decimo,
598 1853 655 1913 pro
673 1834 802 1910 Crasso,
824 1832 959 1912 Regulo,
982 1832 1122 1894 Macrum

240 1918 323 1978 Ante
338 1920 489 1980 salutabat
504 1919 613 1978 rhetor
629 1915 844 1998 Apollodotus.

197 2000 285 2062 Nunc
299 2011 463 2082 utrumque
478 2022 532 2062 suo
548 2002 696 2063 resalutat
710 2003 843 2065 nomine.
879 2002 1032 2077 Quantum

242 2088 323 2148 Cura
337 2086 489 2166 laborque
506 2089 627 2168 potest!
657 2088 846 2166 scripserat,
869 2091 902 2144 et
917 2084 1035 2144 didicit.

589 2222 681 2283 XXII.
693 2276 696 2281 .

198 2336 292 2396 Mane
309 2336 390 2395 dorni
405 2336 465 2395 nisi
479 2343 511 2395 te
527 2335 610 2395 volui
624 2337 784 2414 meruique
800 2334 923 2411 videre,

243 2420 313 2479 Sint
327 2420 418 2497 mihi,
434 2417 547 2496 Paule,
568 2427 639 2479 tuae
654 2418 775 2498 longius
789 2417 959 2498 Esquiliae.

199 2502 262 2562 Sed
278 2504 462 2563 Tiburtinae
478 2523 543 2563 sum
558 2504 714 2583 proximus
730 2502 832 2573 accola
847 2501 948 2583 pilae,

242 2588 308 2663 Qua
321 2587 407 2647 videt
421 2589 577 2665 antiquum
593 2589 707 2647 rustica
721 2585 814 2647 Flora
828 2588 947 2648 lovem:

173 2670 267 2730 bAlta
282 2671 433 2730 Suburani
447 2671 596 2731 vincenda
612 2678 660 2731 est
674 2672 782 2731 semita
797 2670 868 2732 clivi

240 2755 281 2814 Et
295 2775 448 2834 nunquam
463 2758 545 2815 sicco
561 2755 685 2815 sordida
701 2776 771 2816 saxa
786 2756 898 2834 gradu,

200 2839 321 2917 Vixque
337 2839 427 2899 datur
441 2839 548 2919 longas
562 2840 713 2900 mulorum
728 2859 873 2920 rumpere
890 2836 1032 2900 mandras
1108 2916 1112 2922 ι

243 2924 391 3002 Quaeque
406 2925 489 2984 trahi
503 2923 600 2985 multo
615 2944 767 2985 marmora
780 2923 854 2985 lune
869 2923 966 2986 vides.

198 3004 279 3067 lllud
295 3006 394 3067 adhue
408 3010 544 3087 gravius,
568 3009 650 3088 quod
664 3017 697 3068 te
710 3015 782 3089 post
796 3008 883 3070 mille
897 3010 1038 3083 labores,

158 3101 192 3156 10
240 3089 353 3169 Paule,
376 3098 468 3169 negat
481 3091 562 3153 lasso
577 3095 691 3154 ianitor
707 3112 776 3154 esse
791 3093 883 3156 domi.

198 3177 306 3238 Exitus
320 3177 371 3236 hic
388 3178 491 3254 operis
507 3178 576 3237 vani
592 3177 776 3258 togulaeque
791 3178 960 3239 madentis:

241 3260 300 3322 Vix
317 3262 396 3321 tanti
411 3259 539 3321 Paulum
554 3282 642 3321 mane
658 3263 765 3324 videre
783 3264 852 3324 fuit.

198 3343 329 3424 Semper
343 3346 523 3407 inhumanos
536 3347 632 3406 habet
648 3347 802 3408 officiosus
819 3347 946 3407 amieos:

242 3430 323 3509 Rex,
344 3433 405 3492 nisi
421 3431 601 3511 dormieris,
623 3450 686 3491 non
702 3438 792 3512 potes
809 3449 879 3492 esse
893 3448 989 3492 meus.
