2370 3840
110 195 173 259 248
433 194 477 254 M.
493 193 585 255 VAL.
601 192 828 254 MARTIALIS

193 349 235 408 Et
249 366 352 406 secum
367 347 509 407 comitem
525 347 628 404 trahet
642 344 800 425 pudorem.

195 432 325 511 Semper
339 432 505 510 pauperior
519 429 603 489 redit
617 436 763 509 potestas.

173 514 286 576 allelu
300 515 453 575 auriferae
469 514 577 574 colone
592 522 712 590 terrae,

192 600 359 659 Rectorem
373 619 466 658 vacuo
482 599 550 657 sinu
564 599 706 659 remittes

195 684 384 763 Optabisque
399 702 516 758 moros,
539 687 571 741 et
588 688 751 741 exeuntem

193 767 263 827 Udo
279 765 416 825 Dalmata
429 766 539 844 gaudio
554 767 705 844 sequeris.

193 851 256 912 Nos
272 849 393 926 Celtas,
410 850 534 925 Macer,
555 855 588 909 et
599 858 703 909 truces
718 850 851 910 Hiberos

153 935 272 996 locum
286 933 443 992 desiderio
458 934 504 992 tui
517 939 668 1014 petemus.

195 1017 259 1077 Sed
274 1035 474 1096 quaecuuque
489 1023 591 1075 tamen
605 1017 725 1082 feretur
743 1016 829 1075 illinc

194 1101 313 1161 Piscosi
330 1099 444 1160 calamo
460 1099 539 1178 Tagi
553 1107 674 1178 notata,
787 1107 790 1112 '

194 1185 334 1247 Macrum
347 1186 458 1266 pagina
474 1192 580 1244 nostra
593 1185 771 1244 nominabit.

195 1269 246 1329 Sic
261 1271 344 1328 inter
359 1277 482 1330 veteres
495 1268 582 1347 legar
595 1274 719 1347 poetas,

153 1363 186 1414 15
192 1354 257 1413 Nec
271 1352 385 1413 multos
400 1354 475 1413 mihi
489 1353 648 1433 praeferas
662 1353 802 1432 priores,

193 1438 263 1498 Uno
278 1436 334 1496 sed
350 1439 406 1498 tibi
421 1439 478 1498 sim
491 1440 591 1498 minor
606 1435 736 1496 Catullo.

564 1571 699 1629 LXXIX.

195 1681 245 1742 Ad
258 1681 392 1761 lapidem
407 1681 583 1759 Torquatus
598 1683 692 1742 habet
705 1684 862 1762 praetoria
877 1691 1038 1763 quartum

237 1763 287 1824 Ad
302 1770 443 1843 quartum
456 1765 552 1825 breve
569 1785 621 1824 rus
637 1768 712 1825 emit
727 1765 886 1827 Otacilius.

197 1848 374 1927 Torquatus
389 1847 502 1909 nitidas
516 1850 600 1908 vario
620 1848 658 1908 de
674 1870 826 1910 marmore
841 1852 977 1911 thermas

236 1933 396 2007 Extruxit;
418 1953 573 1992 cucumam
587 1933 664 1993 iecit
678 1933 838 1996 Otacilius.

173 2017 355 2097 bDiaposuit
370 2016 531 2097 daphnona
545 2037 600 2077 suo
618 2018 794 2097 Torquatus
811 2020 843 2078 in
859 2032 950 2096 agro;

237 2102 403 2161 Castaneas
419 2108 541 2161 centum
555 2104 634 2162 sevit
648 2101 805 2162 Otacilius.

198 2183 333 2244 Consule
347 2185 506 2262 Torquato
523 2187 581 2245 vici
598 2187 658 2246 fuit
671 2184 725 2246 ille
740 2186 902 2264 magister,

238 2268 307 2328 Non
321 2270 421 2328 minor
434 2271 467 2329 in
484 2276 570 2329 tanto
585 2271 666 2329 visus
681 2271 801 2329 honore
815 2271 884 2329 sibi.

194 2351 328 2411 Grandis
342 2359 377 2411 ut
392 2355 529 2430 exiguam
544 2355 600 2412 bos
613 2373 717 2414 ranam
732 2358 860 2432 ruperat
873 2352 963 2429 olim,

152 2443 186 2495 10
235 2436 302 2513 Sic,
324 2442 415 2515 puto,
436 2437 612 2515 Torquatus
627 2442 750 2515 rumpet
763 2436 936 2496 Otacilium.

569 2569 690 2631 LXXX.

193 2679 300 2740 Plorat
313 2681 409 2757 Eros,
433 2681 575 2757 quotiens
590 2679 762 2740 maculosae
776 2679 887 2759 pocula
901 2700 1024 2742 murrae

235 2764 378 2843 Inspicit,
400 2771 451 2822 aut
466 2782 579 2843 pueros
594 2762 767 2824 nobiliusve
787 2765 914 2840 citrum,

194 2847 236 2907 ut
252 2848 382 2924 gemitus
397 2849 459 2906 imo
475 2847 559 2908 ducit
574 2847 612 2908 de
630 2855 774 2928 pectore,
798 2847 881 2926 qnod
893 2866 956 2906 non

238 2930 319 2989 Tota
332 2933 427 2990 miser
442 2935 560 2992 coemat
574 2933 669 3012 Septa
685 2933 828 3010 feratque
843 2931 974 2992 domum.

172 3014 294 3089 5Quam
308 3013 396 3073 multi
410 3014 544 3093 iaciunt,
567 3015 651 3096 quod
665 3017 761 3093 Eros,
783 3014 839 3076 sed
852 3015 968 3075 lumine
984 3011 1085 3075 sicco!

236 3098 312 3156 Pars
328 3098 424 3154 maior
436 3095 579 3160 lacrimas
594 3099 679 3159 ridet
692 3106 725 3159 et
737 3102 820 3160 intus
835 3101 939 3159 habet.

495 3229 497 3233 ’
587 3233 720 3294 LXXXl.

193 3346 270 3406 Cum
288 3345 348 3404 duo
362 3345 520 3405 venissent
534 3344 573 3403 ad
587 3345 730 3424 Phyllida
744 3365 832 3408 mane
846 3345 980 3408 fututum

220 3430 267 3488 Et
280 3429 397 3491 nudam
413 3435 547 3513 cuperet
561 3447 684 3490 sumere
699 3435 833 3509 uterque
845 3431 953 3510 prior,
1090 3426 1093 3432 ’
