2370 3840
306 188 646 250 EPIGRAMMATON
658 191 732 256 LIB.
748 192 812 256 Vll.
1020 194 1079 261 155

123 340 226 419 Seque
242 342 386 402 obserata
401 339 494 403 clusit
509 344 614 402 anxius
627 341 707 404 cella

121 423 256 487 Gulosus
270 424 343 504 ille,
365 433 493 506 postero
507 426 560 487 die
577 426 693 489 vendit.

516 561 596 622 XXI

120 673 207 732 Haec
222 680 271 734 est
284 673 340 735 illa
354 674 438 751 dies,
461 694 539 754 quae
554 675 656 754 magui
671 675 795 735 conscia
808 681 914 755 partus

163 756 318 819 Lucanum
336 757 459 840 populis
474 766 507 818 et
520 760 596 838 tibi,
617 756 724 834 Polla,
749 756 845 820 dedlt.

121 841 208 901 Heu!
237 842 320 903 Nero
337 840 473 903 erudelis
487 840 633 920 nullaque
648 842 776 901 iuvisior
791 844 914 921 umbro,
1019 854 1023 861 '

162 924 277 986 Debuit
289 927 349 987 hoc
363 925 466 986 saltim
483 946 545 987 uou
560 925 687 987 licuisse
701 925 768 988 tlbl.

514 1059 607 1121 XXII.

119 1172 208 1234 Vatis
223 1171 382 1252 Apollinei
397 1191 505 1251 magno
521 1171 729 1234 memorabilis
746 1178 817 1233 ortu

162 1256 228 1316 Lux
243 1256 341 1316 redit:
363 1255 518 1317 Aonidum
531 1258 640 1335 turba,
660 1257 762 1316 fovete
777 1256 883 1318 sacris.

120 1340 207 1399 Haec
220 1342 351 1417 meruit,
374 1359 441 1399 cum
457 1347 490 1400 te
506 1341 620 1416 terris,
641 1339 781 1417 Lucane,
804 1338 959 1419 dedisset,

163 1423 279 1484 Mixtus
295 1421 448 1483 castaliae
463 1423 569 1483 Baetis
583 1429 618 1482 ut
633 1428 718 1483 esset
734 1441 840 1502 aquae.

505 1557 611 1619 XXIII.

118 1666 264 1746 Phoebe,
286 1668 374 1746 veui,
397 1667 454 1729 red
469 1675 599 1748 quantus
615 1687 703 1745 eros,
726 1665 893 1730 cumbolis
911 1669 1031 1730 touauti

162 1752 232 1831 Ipse
248 1752 339 1813 dares
353 1752 461 1814 Latiae
480 1752 603 1834 plectra
619 1750 755 1814 secunda
767 1752 863 1832 lyrae.

120 1834 202 1912 Quid
215 1842 300 1897 unta
314 1855 372 1915 pro
387 1837 457 1898 luce
472 1839 609 1919 precer?
638 1836 704 1915 Tu,
725 1836 831 1917 Polla,
852 1837 994 1898 marttum

162 1919 262 1999 Saepe
278 1919 361 1979 colas
377 1928 410 1981 et
423 1939 458 1981 se
469 1923 584 1982 sentiat
597 1921 651 1982 ille
667 1919 739 1984 coli.

502 2068 611 2130 XXIV.

120 2177 198 2238 (ium
208 2176 351 2239 Iuvenale
366 2197 435 2239 meo
451 2197 529 2257 quae
545 2197 595 2240 me
610 2180 804 2242 committere
817 2186 967 2263 temptas,

163 2261 245 2337 Quid
260 2282 323 2323 nou
337 2262 481 2342 audebis,
502 2261 623 2343 perfida
635 2261 756 2341 lingua,
777 2263 887 2343 loqui?

121 2345 168 2405 Te
182 2347 321 2426 fingente
335 2348 423 2408 nefas
443 2346 582 2426 Pyladen
598 2345 716 2408 odisset
730 2347 877 2427 Orestes,

164 2429 289 2491 Thesea
307 2430 441 2492 Pirithoi
456 2430 651 2492 destituisset
667 2450 768 2507 amor3

97 2512 172 2573 auu
188 2514 308 2576 Siculos
323 2516 438 2577 fratres
455 2522 488 2576 et
500 2518 596 2576 maius
610 2533 723 2575 nomen
736 2516 861 2576 Atridas

162 2598 203 2658 Et
219 2598 321 2659 Ledae
336 2606 462 2680 poteras
477 2599 646 2661 dissociare
661 2617 765 2678 genus.

120 2680 188 2739 Hoc
202 2682 260 2742 tibi
273 2703 331 2762 pro
345 2686 465 2745 meritis
480 2691 513 2745 et
525 2683 640 2745 talibus
652 2685 808 2763 imprecor
824 2685 921 2764 ausis,

163 2764 207 2823 Ut
221 2765 317 2826 facias
330 2766 428 2847 illud,
452 2768 552 2848 quod,
573 2774 665 2848 puto,
685 2766 805 2847 lingua,
824 2768 911 2829 facis.

508 2901 604 2966 XXV.

119 3010 230 3072 Dulcia
246 3032 314 3072 eum
327 3019 446 3076 tautum
462 3017 579 3076 scribas
594 3017 814 3097 epigrammata
827 3034 951 3098 semper

161 3097 204 3157 Et
219 3103 375 3158 cerussata
389 3098 568 3160 candidiora
582 3106 669 3177 cute,

119 3178 273 3260 Nullaque
287 3183 365 3243 mica
379 3183 450 3243 solis
465 3201 523 3243 uec
537 3183 630 3243 amari
644 3182 729 3244 fellis
744 3185 777 3244 iu
790 3182 856 3245 illis

163 3265 259 3326 Gutta
273 3267 331 3344 sit,
351 3285 369 3326 o
389 3265 534 3347 demens,
554 3268 599 3328 vIs
614 3273 717 3328 tameu
731 3267 787 3329 illa
801 3266 880 3346 legii

93 3353 110 3404 5
122 3346 186 3408 Nec
201 3351 288 3410 cibus
302 3352 371 3432 ipse
382 3351 583 3412 iuvatmorsu
597 3351 757 3411 fraudatus
771 3353 868 3428 aceti,

162 3430 229 3493 Nec
244 3440 331 3512 grata
345 3440 394 3495 est
408 3434 521 3516 facies,
543 3435 592 3495 cui
607 3433 761 3514 gelasinus
779 3436 877 3496 obest.
