2370 3840
310 194 824 259 EPIGRAMMATONLffl.vl11.
1030 191 1090 257 195

505 394 627 456 LXXV.

134 511 213 570 Dum
232 510 348 590 repetit
365 528 435 568 sera
449 507 618 567 conductos
633 513 725 567 nocte
739 513 869 586 penates

176 593 331 671 Lingonus
347 613 364 650 a
379 591 478 651 Tecta
491 589 705 669 Flaminiaque
719 609 845 668 recens,

133 675 260 756 Expulit
275 677 392 736 offenso
411 675 549 735 vitiatum
562 671 678 754 pollice
693 672 788 734 talum

176 761 217 821 Et
234 761 328 821 iacuit
343 765 408 819 toto
424 777 555 837 corpore
569 758 655 817 lusus
669 758 763 818 humi.

112 844 218 920 oeuid
233 844 353 903 iaceret
367 839 490 920 Gallus,
512 861 571 921 qua
585 859 619 900 se
633 842 753 902 ratione
769 842 929 902 moveret?

176 928 297 1005 Ingenti
314 925 436 986 domino
452 924 593 986 servulus
607 944 685 985 unus
700 932 784 1002 erat,

135 1011 212 1070 'Pam
225 1028 341 1086 macer,
363 1014 398 1070 ut
411 1010 565 1069 minimam
580 1016 688 1090 posset
701 1010 751 1070 vix
766 1010 853 1070 ferre
866 1007 1043 1070 lucernam:

179 1094 338 1154 Succurrit
352 1095 465 1153 misero
482 1113 569 1154 casus
589 1111 740 1172 opemque
755 1093 837 1156 tulit.

136 1179 287 1253 Quattuor
301 1177 445 1256 inscripti
458 1178 624 1256 portabant
637 1175 700 1237 vile
715 1177 860 1256 cadaver,

94 1272 127 1322 10
174 1263 297 1341 Accipit
310 1260 420 1321 infelix
435 1259 537 1340 qualia
552 1260 637 1320 mille
653 1279 754 1338 rogus.

134 1345 199 1403 Hos
214 1363 316 1404 comes
329 1343 479 1405 invalidus
495 1346 653 1407 summissa
664 1363 740 1403 voce
755 1351 920 1424 precatur,

176 1428 219 1487 Ut
235 1446 418 1507 quocunque
431 1427 544 1507 velint,
568 1447 679 1508 corpus
694 1428 785 1487 inane
799 1428 910 1490 ferant.

135 1510 331 1571 Permutatur
347 1531 423 1571 onus
435 1513 609 1591 stipataque
623 1510 745 1572 tollitur
759 1510 821 1572 alte

177 1593 312 1655 Grandis
326 1596 359 1655 in
374 1603 501 1674 augusta
515 1599 635 1656 sarcina
649 1595 815 1677 sandapila.

92 1678 192 1739 15Hic
208 1680 283 1739 mihi
298 1678 337 1740 de
351 1677 457 1740 multis
471 1699 565 1757 unus,
582 1681 723 1757 Lucane,
744 1680 883 1758 ridetur,

177 1762 234 1822 (lui
249 1765 360 1823 merito
376 1762 438 1823 dici
453 1771 595 1842 „mortue
611 1763 724 1828 (lulle“
740 1772 853 1845 potest.

506 1898 641 1960 LXXVI.

133 2006 212 2082 „Dic
227 2025 331 2065 verum
346 2008 438 2085 milri,
460 2009 584 2087 Marce,
606 2010 656 2070 dic
671 2014 793 2085 amab03

134 2087 186 2148 Nil
201 2095 265 2167 est,
288 2089 370 2167 quod
386 2093 481 2169 magis
496 2091 614 2152 audium
626 2092 796 2157 libenter.“

135 2172 186 2231 Sic
202 2179 234 2231 et
248 2192 317 2232 cum
331 2174 445 2239 recitas
459 2180 528 2235 tuos
543 2173 686 2254 libellos,

132 2257 173 2315 Et
188 2275 307 2315 causam
322 2258 464 2335 quotiens
480 2259 544 2337 egis
557 2259 694 2337 clientis,

111 2340 229 2419 50ras,
252 2339 387 2419 Gallice,
410 2360 459 2402 me
475 2361 626 2422 rogasque
641 2362 773 2422 semper.

133 2423 248 2483 Durum
263 2431 313 2485 est
325 2444 375 2485 me
389 2427 462 2504 tibi,
484 2426 566 2504 quod
579 2428 676 2506 petis,
695 2445 820 2504 negare.

132 2506 216 2567 Vero
230 2510 332 2569 verius
348 2528 421 2588 ergo
438 2509 512 2588 quid
528 2511 584 2588 sit,
607 2509 692 2570 audi:

132 2589 266 2670 Verum,
288 2593 424 2672 Gallice,
447 2614 509 2653 uon
523 2592 661 2654 libenter
676 2592 772 2655 audis.

493 2727 642 2812 uxxvu.

132 2830 243 2913 Liber3
264 2837 429 2896 amicorum
444 2835 619 2898 dulcissima
634 2857 707 2899 cura
720 2847 858 2916 tuorum,

173 2920 287 2997 Liber,
308 2920 340 2978 in
356 2926 482 2980 aeterna
495 2916 599 2982 vivere
616 2921 708 3001 digne
722 2941 808 2999 rosa,

73 2999 78 3004 ’
133 3002 167 3064 Si
181 3005 278 3082 sapis,
301 3003 429 3082 Assyrio
444 3023 569 3084 semper
581 3006 639 3064 tibi
655 3007 748 3065 crinis
765 3026 880 3065 amomo

176 3085 347 3167 Splendeat
359 3092 392 3146 et
409 3087 532 3165 cingant
545 3089 643 3147 floreo
657 3096 740 3149 serta
755 3097 863 3169 caput;

111 3170 273 3231 50andida
287 3173 464 3250 nigrescant
477 3168 582 3231 vetulo
599 3172 745 3250 crystalla
759 3172 895 3234 Falerno

174 3255 215 3316 Et
229 3253 329 3316 caleat
344 3253 458 3315 blando
473 3253 575 3315 mollis
591 3274 693 3314 amore
709 3262 805 3316 torus.

134 3338 194 3413 Qui
210 3341 254 3398 sic
268 3339 318 3400 vel
332 3339 434 3399 medio
450 3339 555 3399 linitus
569 3339 644 3398 vixit
658 3341 690 3398 in
706 3358 797 3416 aevo,

175 3421 311 3500 Longior
324 3424 396 3484 huic
407 3422 490 3482 facta
504 3429 567 3501 est,
589 3441 678 3501 quam
693 3421 763 3482 data
775 3423 919 3566 vitpgpit
