2370 3840
111 169 155 236 24
436 170 482 233 Μ.
498 169 589 232 VAL.
605 169 830 231 MARTlALlS

199 325 251 388 Sic
265 326 468 405 Interpositus
481 322 556 384 villo
572 324 759 383 contaminat
772 328 866 382 uncto

174 410 314 474 5Urbica
327 406 515 487 Lingonicus
531 406 736 486 Tyrianthina
750 405 1004 490 bardocucullns,

198 494 250 554 Sic
263 493 430 554 Arretinae
445 492 561 553 violant
574 488 752 570 crystallina
766 496 884 569 testae,

199 578 251 639 Sic
269 577 359 655 niger
375 577 409 636 in
425 577 501 657 ripis
518 581 604 654 errat
619 594 688 635 cum
702 575 785 634 forte
801 575 942 655 Caystri,

197 662 283 722 luter
298 659 440 720 Ledaeos
454 658 576 720 ridetur
590 678 698 719 corvus
714 656 847 737 olores„
885 683 890 693 ¹
960 687 962 691 ·

197 744 249 806 Sic
264 746 317 804 ubi
331 736 611 804 multisona'fervet
626 735 713 803 sa‘cer
728 742 859 804 Atthide
872 743 978 823 lucus,

72 857 75 861 ·
154 828 336 909 lolmproba
350 828 517 908 Cecropias
532 824 664 887 offendit
678 828 747 906 pica
762 827 926 906 querellas.

195 911 300 974 Iudice
314 932 377 973 non
392 930 468 991 opus
484 917 532 972 est
546 911 660 971 nostris
675 929 736 970 uec
747 911 851 972 iudice
866 911 973 991 libris,

195 997 265 1058 Stat
279 1001 388 1057 contra
402 994 540 1074 dicitque
555 996 613 1055 tibi
627 1000 681 1054 tua
697 996 808 1075 pagina
822 997 907 1074 „Fur
923 998 990 1058 es.“

598 1128 674 1190 LIV.

196 1242 336 1324 Siquid,
357 1245 475 1322 Fusae,
495 1262 583 1303 vacas
598 1243 697 1304 adhuc
713 1245 808 1304 amari
821 1277 865 1290 -

195 1326 271 1387 Nam
286 1334 358 1389 sunt
371 1328 444 1388 hinc
457 1328 533 1405 tibi,
556 1332 672 1388 suntet
686 1328 759 1388 hinc
774 1329 862 1388 amici
875 1362 933 1406 -—,

194 1412 313 1490 Unum,
335 1413 362 1472 si
378 1417 538 1493 superest,
559 1409 661 1472 locum
675 1430 834 1490 rogamus,

193 1493 260 1555 Nec
277 1513 343 1572 me,
366 1494 449 1574 quod
464 1497 523 1556 tibi
538 1498 595 1555 sim
609 1515 722 1572 novus,
745 1514 889 1557 recuses:

172 1578 312 1640 50mner
326 1578 386 1638 hoc
400 1584 524 1638 veteres
538 1581 584 1639 tui
597 1579 733 1640 fuerunt.

196 1657 247 1723 Tu
260 1667 378 1724 tautum
391 1662 512 1743 inspice
533 1663 586 1743 qui
600 1681 696 1722 novus
710 1669 837 1742 paratur

195 1748 244 1806 Au
258 1746 357 1827 possit
371 1746 442 1805 lieri
455 1751 543 1806 vetus
561 1743 687 1806 sodalis.

325 1854 341 1887 ι
634 1863 636 1866 ·
822 1847 837 1890 t

601 1895 665 1958 LV.

194 2006 276 2069 Vota
290 2007 336 2067 tui
351 2008 490 2067 breviter
504 2008 531 2067 si
545 2008 591 2067 vis
606 2027 794 2086 cognoscere
812 2011 928 2090 Marci,

239 2090 364 2152 Clarum
376 2088 523 2171 militiae,
544 2092 680 2171 Fronto,
702 2098 856 2174 togaeque
872 2095 983 2175 decus,

194 2175 263 2235 Hoc
277 2177 375 2256 petit,
388 2194 469 2236 ⁴esse
485 2177 533 2237 ιιιί
547 2195 606 2236 nec
621 2179 723 2256 magui
735 2181 817 2239 ruris
832 2186 952 2259 arator,

237 2259 432 2340 Sordidaque
448 2262 481 2320 in
495 2263 597 2341 parvis
614 2263 677 2320 otia
690 2263 784 2322 rebus
800 2271 888 2323 amat.

172 2345 364 2423 5Quisquam
378 2346 463 2423 picta
477 2342 554 2403 colit
572 2343 717 2422 Spartani
734 2345 851 2422 frigora
867 2347 930 2405 saxi

235 2426 277 2486 Et
295 2429 477 2486 matutinum
490 2431 595 2507 portat
607 2427 731 2505 ineptus
745 2428 828 2504 Ave,

195 2509 254 2571 (lui
267 2506 345 2570 licet
359 2510 475 2569 exuviis
488 2510 625 2568 nemoris
640 2511 784 2589 rurisque
798 2513 889 2571 beato

236 2593 320 2653 Ante
334 2592 437 2653 iocum
451 2592 561 2674 plenas
576 2591 761 2672 explicuisse
773 2593 880 2676 plagas

94 2712 107 2735 .
192 2677 234 2738 Et
248 2677 366 2755 piscem
378 2676 511 2738 tremula
527 2672 691 2737 salientem
706 2675 820 2740 ducere
834 2686 902 2740 seta

152 2770 188 2822 10
234 2759 391 2841 Flavaque
407 2760 447 2822 de
462 2762 557 2822 rubro
571 2779 717 2840 promere
732 2760 826 2823 mella
840 2764 940 2825 cado?

194 2844 321 2922 Pinguis
335 2844 512 2924 inaequales
527 2852 636 2906 onerat
652 2847 702 2905 cui
713 2844 805 2908 vilica
819 2867 939 2910 mensas

235 2928 277 2988 Et
292 2947 346 2988 sua
360 2948 422 2988 non
437 2933 557 3010 emptus
571 2935 736 3010 praeparat
753 2952 808 2993 ova
823 2934 922 2994 ciuis?

193 3011 263 3072 Non
279 3017 362 3072 amet
375 3013 454 3073 hanc
468 3014 562 3073 vitam
575 3015 714 3092 quisquis
727 3034 777 3077 me
791 3036 853 3078 non
869 3024 963 3097 amat,
984 3026 1076 3101 opto,

235 3095 329 3158 Vivat
342 3102 375 3157 et
388 3096 513 3157 urbanis
529 3093 616 3157 albus
630 3098 663 3156 in
681 3099 801 3163 officiis.

592 3234 671 3297 LVI.

193 3341 357 3402 Continuis
371 3346 478 3403 vexata
492 3343 597 3405 madet
610 3344 764 3406 vindemia
776 3348 903 3407 nimbis:
972 3324 976 3331 Ι

232 3424 303 3486 Νοιι
315 3432 422 3507 potes,
443 3433 478 3487 ut
492 3429 615 3510 cupias,
636 3428 791 3509 vendere,
814 3450 908 3511 copo,
931 3449 1059 3494 merum.

102 3478 172 3626 ἲ
