<?xml version="1.0" encoding="UTF-8"?>
<!DOCTYPE html PUBLIC "-//W3C//DTD XHTML 1.0 Transitional//EN"
    "http://www.w3.org/TR/xhtml1/DTD/xhtml1-transitional.dtd">
<html xmlns="http://www.w3.org/1999/xhtml" xml:lang="en" lang="en">
 <head>
  <title>
</title>
<meta http-equiv="Content-Type" content="text/html;charset=utf-8" />
  <meta name='ocr-system' content='tesseract 3.04.00' />
  <meta name='ocr-capabilities' content='ocr_page ocr_carea ocr_par ocr_line ocrx_word'/>
</head>
<body>
  <div class='ocr_page' id='page_1' title='image "./epigrammatonlib00schngoog_0186.png"; bbox 0 0 2370 3840; ppageno 0'>
   <div class='ocr_carea' id='block_1_1' title="bbox 242 688 864 1007">
    <p class='ocr_par' dir='ltr' id='par_1_1' title="bbox 242 688 864 1007">
     <span class='ocr_line' id='line_1_1' title="bbox 304 688 781 842; baseline 0 -26"><span class='ocrx_word' id='word_1_1' title='bbox 304 688 379 842; x_wconf 60' lang='grc' dir='ltr'><strong>ἰι</strong></span> <span class='ocrx_word' id='word_1_2' title='bbox 397 741 502 814; x_wconf 79' lang='lat' dir='ltr'><strong>vnn.</strong></span> <span class='ocrx_word' id='word_1_3' title='bbox 524 739 781 816; x_wconf 68' lang='lat' dir='ltr'><strong>nunninus</strong></span> 
     </span>
     <span class='ocr_line' id='line_1_2' title="bbox 242 912 864 1007; baseline -0.003 0"><span class='ocrx_word' id='word_1_4' title='bbox 242 912 864 1007; x_wconf 80' lang='lat' dir='ltr'><strong>blltllllblblllbb</strong></span> 
     </span>
    </p>
   </div>
   <div class='ocr_carea' id='block_1_2' title="bbox 428 1094 680 1158">
    <p class='ocr_par' dir='ltr' id='par_1_2' title="bbox 428 1094 680 1158">
     <span class='ocr_line' id='line_1_3' title="bbox 428 1094 680 1158; baseline 0 -3"><span class='ocrx_word' id='word_1_5' title='bbox 428 1094 581 1156; x_wconf 82' lang='lat' dir='ltr'>LIBER</span> <span class='ocrx_word' id='word_1_6' title='bbox 601 1095 680 1158; x_wconf 90' lang='lat' dir='ltr'>Vlll.</span> 
     </span>
    </p>
   </div>
   <div class='ocr_carea' id='block_1_3' title="bbox 109 1279 1046 1443">
    <p class='ocr_par' dir='ltr' id='par_1_3' title="bbox 109 1279 1046 1443">
     <span class='ocr_line' id='line_1_4' title="bbox 109 1279 1046 1364; baseline -0.001 -21"><span class='ocrx_word' id='word_1_7' title='bbox 109 1284 296 1364; x_wconf 76' lang='lat' dir='ltr'><strong>Imperatori</strong></span> <span class='ocrx_word' id='word_1_8' title='bbox 306 1283 489 1343; x_wconf 78' lang='lat' dir='ltr'><strong>Domitiano</strong></span> <span class='ocrx_word' id='word_1_9' title='bbox 507 1280 637 1341; x_wconf 77' lang='lat' dir='ltr'><strong>anaon‘</strong></span> <span class='ocrx_word' id='word_1_10' title='bbox 651 1281 818 1360; x_wconf 81' lang='lat' dir='ltr'><strong>Augusto,</strong></span> <span class='ocrx_word' id='word_1_11' title='bbox 843 1279 1046 1360; x_wconf 57' lang='lat' dir='ltr'><strong>ambico,</strong></span> 
     </span>
     <span class='ocr_line' id='line_1_5' title="bbox 337 1362 866 1443; baseline -0.009 -16"><span class='ocrx_word' id='word_1_12' title='bbox 337 1366 473 1443; x_wconf 81' lang='lat' dir='ltr'><strong>Dacico,</strong></span> <span class='ocrx_word' id='word_1_13' title='bbox 500 1363 644 1424; x_wconf 77' lang='lat' dir='ltr'><strong>Valerius</strong></span> <span class='ocrx_word' id='word_1_14' title='bbox 658 1363 816 1424; x_wconf 71' lang='lat' dir='ltr'><strong><em>Martialis</em></strong></span> <span class='ocrx_word' id='word_1_15' title='bbox 830 1362 866 1424; x_wconf 76' lang='lat' dir='ltr'><strong>S.</strong></span> 
     </span>
    </p>
   </div>
   <div class='ocr_carea' id='block_1_4' title="bbox 34 1478 1077 2599">
    <p class='ocr_par' dir='ltr' id='par_1_4' title="bbox 34 1478 1077 2599">
     <span class='ocr_line' id='line_1_6' title="bbox 164 1478 1076 1592; baseline 0 -20"><span class='ocrx_word' id='word_1_16' title='bbox 164 1478 282 1573; x_wconf 76' lang='lat' dir='ltr'><strong>llmnes</strong></span> <span class='ocrx_word' id='word_1_17' title='bbox 304 1512 428 1592; x_wconf 88' lang='lat' dir='ltr'><strong>quidem</strong></span> <span class='ocrx_word' id='word_1_18' title='bbox 447 1509 549 1572; x_wconf 87' lang='lat' dir='ltr'>libelli</span> <span class='ocrx_word' id='word_1_19' title='bbox 568 1513 646 1590; x_wconf 87' lang='lat' dir='ltr'><strong>mei,</strong></span> <span class='ocrx_word' id='word_1_20' title='bbox 674 1510 814 1592; x_wconf 84' lang='lat' dir='ltr'><strong>domine,</strong></span> <span class='ocrx_word' id='word_1_21' title='bbox 843 1513 953 1591; x_wconf 88' lang='lat' dir='ltr'><strong>quibus</strong></span> <span class='ocrx_word' id='word_1_22' title='bbox 974 1519 1008 1573; x_wconf 93' lang='lat' dir='ltr'><strong>tn</strong></span> <span class='ocrx_word' id='word_1_23' title='bbox 1030 1514 1076 1572; x_wconf 89' lang='lat' dir='ltr'><strong>fa-</strong></span> 
     </span>
     <span class='ocr_line' id='line_1_7' title="bbox 78 1594 1074 1678; baseline -0.001 -21"><span class='ocrx_word' id='word_1_24' title='bbox 78 1616 174 1673; x_wconf 88' lang='lat' dir='ltr'><strong>mam,</strong></span> <span class='ocrx_word' id='word_1_25' title='bbox 201 1596 236 1657; x_wconf 86' lang='lat' dir='ltr'><strong>id</strong></span> <span class='ocrx_word' id='word_1_26' title='bbox 255 1604 304 1658; x_wconf 89' lang='lat' dir='ltr'><strong>est</strong></span> <span class='ocrx_word' id='word_1_27' title='bbox 317 1598 429 1674; x_wconf 83' lang='lat' dir='ltr'><strong>vitam,</strong></span> <span class='ocrx_word' id='word_1_28' title='bbox 460 1594 591 1675; x_wconf 80' lang='lat' dir='ltr'><strong>dedisti,</strong></span> <span class='ocrx_word' id='word_1_29' title='bbox 617 1597 676 1657; x_wconf 92' lang='lat' dir='ltr'><strong>tibi</strong></span> <span class='ocrx_word' id='word_1_30' title='bbox 690 1594 881 1677; x_wconf 77' lang='lat' dir='ltr'><strong>supplicent3</strong></span> <span class='ocrx_word' id='word_1_31' title='bbox 915 1603 965 1675; x_wconf 87' lang='lat' dir='ltr'><strong>et,</strong></span> <span class='ocrx_word' id='word_1_32' title='bbox 990 1603 1074 1678; x_wconf 80' lang='lat' dir='ltr'><strong>puto,</strong></span> 
     </span>
     <span class='ocr_line' id='line_1_8' title="bbox 76 1678 1074 1762; baseline -0.002 -23"><span class='ocrx_word' id='word_1_33' title='bbox 76 1685 207 1762; x_wconf 88' lang='lat' dir='ltr'><strong>propter</strong></span> <span class='ocrx_word' id='word_1_34' title='bbox 221 1683 280 1742; x_wconf 87' lang='lat' dir='ltr'><strong>boc</strong></span> <span class='ocrx_word' id='word_1_35' title='bbox 294 1678 448 1760; x_wconf 82' lang='lat' dir='ltr'><strong>legentur.</strong></span> <span class='ocrx_word' id='word_1_36' title='bbox 474 1681 534 1741; x_wconf 88' lang='lat' dir='ltr'><strong>Hic</strong></span> <span class='ocrx_word' id='word_1_37' title='bbox 549 1687 669 1758; x_wconf 89' lang='lat' dir='ltr'><strong>tamen,</strong></span> <span class='ocrx_word' id='word_1_38' title='bbox 692 1683 744 1760; x_wconf 89' lang='lat' dir='ltr'><strong>qui</strong></span> <span class='ocrx_word' id='word_1_39' title='bbox 758 1683 864 1762; x_wconf 87' lang='lat' dir='ltr'><strong>operis</strong></span> <span class='ocrx_word' id='word_1_40' title='bbox 877 1683 977 1741; x_wconf 90' lang='lat' dir='ltr'><strong>nostri</strong></span> <span class='ocrx_word' id='word_1_41' title='bbox 993 1686 1074 1740; x_wconf 66' lang='lat' dir='ltr'><strong>octn-</strong></span> 
     </span>
     <span class='ocr_line' id='line_1_9' title="bbox 76 1765 1075 1844; baseline 0.002 -20"><span class='ocrx_word' id='word_1_42' title='bbox 76 1785 131 1825; x_wconf 86' lang='lat' dir='ltr'><strong>vus</strong></span> <span class='ocrx_word' id='word_1_43' title='bbox 155 1766 351 1843; x_wconf 71' lang='lat' dir='ltr'><strong>inscribitur,</strong></span> <span class='ocrx_word' id='word_1_44' title='bbox 393 1766 554 1825; x_wconf 76' lang='lat' dir='ltr'><strong>occasione</strong></span> <span class='ocrx_word' id='word_1_45' title='bbox 579 1766 705 1844; x_wconf 82' lang='lat' dir='ltr'><strong>pietatis</strong></span> <span class='ocrx_word' id='word_1_46' title='bbox 730 1765 927 1844; x_wconf 81' lang='lat' dir='ltr'><strong>frequentius</strong></span> <span class='ocrx_word' id='word_1_47' title='bbox 950 1765 1075 1826; x_wconf 85' lang='lat' dir='ltr'><strong>fruitur.</strong></span> 
     </span>
     <span class='ocr_line' id='line_1_10' title="bbox 55 1846 1077 1929; baseline -0.003 -19"><span class='ocrx_word' id='word_1_48' title='bbox 55 1849 183 1910; x_wconf 88' lang='lat' dir='ltr'><strong>5Minus</strong></span> <span class='ocrx_word' id='word_1_49' title='bbox 197 1851 302 1929; x_wconf 75' lang='lat' dir='ltr'><strong>itaque</strong></span> <span class='ocrx_word' id='word_1_50' title='bbox 313 1849 439 1927; x_wconf 83' lang='lat' dir='ltr'><strong>ingenio</strong></span> <span class='ocrx_word' id='word_1_51' title='bbox 451 1846 652 1914; x_wconf 87' lang='lat' dir='ltr'><strong>laborandum</strong></span> <span class='ocrx_word' id='word_1_52' title='bbox 666 1848 737 1926; x_wconf 86' lang='lat' dir='ltr'><strong>fnit,</strong></span> <span class='ocrx_word' id='word_1_53' title='bbox 751 1849 785 1908; x_wconf 87' lang='lat' dir='ltr'><strong>in</strong></span> <span class='ocrx_word' id='word_1_54' title='bbox 799 1851 884 1910; x_wconf 90' lang='lat' dir='ltr'><strong>cuins</strong></span> <span class='ocrx_word' id='word_1_55' title='bbox 898 1846 998 1909; x_wconf 90' lang='lat' dir='ltr'><strong>locum</strong></span> <span class='ocrx_word' id='word_1_56' title='bbox 1014 1869 1077 1908; x_wconf 90' lang='lat' dir='ltr'><strong>ma-</strong></span> 
     </span>
     <span class='ocr_line' id='line_1_11' title="bbox 77 1931 1077 2013; baseline 0.001 -22"><span class='ocrx_word' id='word_1_57' title='bbox 77 1935 157 1992; x_wconf 83' lang='lat' dir='ltr'><strong>teria</strong></span> <span class='ocrx_word' id='word_1_58' title='bbox 171 1939 378 1992; x_wconf 76' lang='lat' dir='ltr'><strong>successeratz</strong></span> <span class='ocrx_word' id='word_1_59' title='bbox 395 1953 493 2012; x_wconf 73' lang='lat' dir='ltr'><strong>quom</strong></span> <span class='ocrx_word' id='word_1_60' title='bbox 515 1932 639 2012; x_wconf 87' lang='lat' dir='ltr'><strong>quidem</strong></span> <span class='ocrx_word' id='word_1_61' title='bbox 660 1932 790 2013; x_wconf 79' lang='lat' dir='ltr'><strong>subinde</strong></span> <span class='ocrx_word' id='word_1_62' title='bbox 813 1931 916 2012; x_wconf 84' lang='lat' dir='ltr'><strong>aliqua</strong></span> <span class='ocrx_word' id='word_1_63' title='bbox 938 1933 1077 1992; x_wconf 89' lang='lat' dir='ltr'><strong>iocorum</strong></span> 
     </span>
     <span class='ocr_line' id='line_1_12' title="bbox 76 2014 1076 2096; baseline 0 -21"><span class='ocrx_word' id='word_1_64' title='bbox 76 2017 207 2075; x_wconf 80' lang='lat' dir='ltr'><strong>mixtura</strong></span> <span class='ocrx_word' id='word_1_65' title='bbox 220 2017 338 2075; x_wconf 79' lang='lat' dir='ltr'><strong>variare</strong></span> <span class='ocrx_word' id='word_1_66' title='bbox 349 2018 577 2096; x_wconf 84' lang='lat' dir='ltr'><strong>temptavimus,</strong></span> <span class='ocrx_word' id='word_1_67' title='bbox 589 2035 630 2076; x_wconf 90' lang='lat' dir='ltr'><strong>ne</strong></span> <span class='ocrx_word' id='word_1_68' title='bbox 645 2014 773 2078; x_wconf 84' lang='lat' dir='ltr'><strong>caelesti</strong></span> <span class='ocrx_word' id='word_1_69' title='bbox 785 2014 991 2077; x_wconf 81' lang='lat' dir='ltr'><strong>verecundiae</strong></span> <span class='ocrx_word' id='word_1_70' title='bbox 1005 2021 1076 2075; x_wconf 90' lang='lat' dir='ltr'><strong>tuae</strong></span> 
     </span>
     <span class='ocr_line' id='line_1_13' title="bbox 75 2098 1074 2180; baseline 0 -22"><span class='ocrx_word' id='word_1_71' title='bbox 75 2098 184 2158; x_wconf 88' lang='lat' dir='ltr'><strong>laudes</strong></span> <span class='ocrx_word' id='word_1_72' title='bbox 200 2118 284 2175; x_wconf 81' lang='lat' dir='ltr'><strong>suos,</strong></span> <span class='ocrx_word' id='word_1_73' title='bbox 313 2118 391 2178; x_wconf 87' lang='lat' dir='ltr'><strong>quae</strong></span> <span class='ocrx_word' id='word_1_74' title='bbox 408 2099 529 2161; x_wconf 86' lang='lat' dir='ltr'><strong>lucilius</strong></span> <span class='ocrx_word' id='word_1_75' title='bbox 548 2106 580 2160; x_wconf 89' lang='lat' dir='ltr'><strong>te</strong></span> <span class='ocrx_word' id='word_1_76' title='bbox 595 2101 727 2180; x_wconf 83' lang='lat' dir='ltr'><strong>fatigare</strong></span> <span class='ocrx_word' id='word_1_77' title='bbox 738 2100 877 2179; x_wconf 85' lang='lat' dir='ltr'><strong>possint,</strong></span> <span class='ocrx_word' id='word_1_78' title='bbox 907 2118 996 2177; x_wconf 87' lang='lat' dir='ltr'><strong>qnam</strong></span> <span class='ocrx_word' id='word_1_79' title='bbox 1017 2118 1074 2158; x_wconf 91' lang='lat' dir='ltr'><strong>nos</strong></span> 
     </span>
     <span class='ocr_line' id='line_1_14' title="bbox 77 2183 1076 2264; baseline 0 -23"><span class='ocrx_word' id='word_1_80' title='bbox 77 2185 206 2261; x_wconf 87' lang='lat' dir='ltr'><strong>satiare,</strong></span> <span class='ocrx_word' id='word_1_81' title='bbox 222 2184 319 2243; x_wconf 89' lang='lat' dir='ltr'><strong>omnis</strong></span> <span class='ocrx_word' id='word_1_82' title='bbox 334 2201 441 2246; x_wconf 81' lang='lat' dir='ltr'><strong>versus</strong></span> <span class='ocrx_word' id='word_1_83' title='bbox 453 2187 622 2264; x_wconf 86' lang='lat' dir='ltr'><strong>ingereret.</strong></span> <span class='ocrx_word' id='word_1_84' title='bbox 649 2183 791 2262; x_wconf 77' lang='lat' dir='ltr'><strong>Quemvis</strong></span> <span class='ocrx_word' id='word_1_85' title='bbox 807 2189 908 2243; x_wconf 85' lang='lat' dir='ltr'><strong>sutem</strong></span> <span class='ocrx_word' id='word_1_86' title='bbox 922 2183 1076 2262; x_wconf 80' lang='lat' dir='ltr'><strong>epigram-</strong></span> 
     </span>
     <span class='ocr_line' id='line_1_15' title="bbox 34 2266 1076 2348; baseline -0.005 -18"><span class='ocrx_word' id='word_1_87' title='bbox 34 2273 154 2330; x_wconf 81' lang='lat' dir='ltr'><strong>lbmuta</strong></span> <span class='ocrx_word' id='word_1_88' title='bbox 169 2287 185 2326; x_wconf 89' lang='lat' dir='ltr'><strong>a</strong></span> <span class='ocrx_word' id='word_1_89' title='bbox 200 2267 403 2328; x_wconf 87' lang='lat' dir='ltr'><strong>severissimis</strong></span> <span class='ocrx_word' id='word_1_90' title='bbox 424 2287 546 2348; x_wconf 89' lang='lat' dir='ltr'><strong>quoque</strong></span> <span class='ocrx_word' id='word_1_91' title='bbox 567 2276 601 2330; x_wconf 90' lang='lat' dir='ltr'><strong>et</strong></span> <span class='ocrx_word' id='word_1_92' title='bbox 620 2285 753 2330; x_wconf 86' lang='lat' dir='ltr'><strong>summae</strong></span> <span class='ocrx_word' id='word_1_93' title='bbox 775 2267 919 2327; x_wconf 82' lang='lat' dir='ltr'><strong>fortunae</strong></span> <span class='ocrx_word' id='word_1_94' title='bbox 938 2267 1012 2326; x_wconf 87' lang='lat' dir='ltr'><strong>viris</strong></span> <span class='ocrx_word' id='word_1_95' title='bbox 1031 2266 1076 2325; x_wconf 81' lang='lat' dir='ltr'><strong>ite</strong></span> 
     </span>
     <span class='ocr_line' id='line_1_16' title="bbox 77 2349 1076 2430; baseline -0.001 -21"><span class='ocrx_word' id='word_1_96' title='bbox 77 2351 193 2429; x_wconf 89' lang='lat' dir='ltr'><strong>scripta</strong></span> <span class='ocrx_word' id='word_1_97' title='bbox 215 2352 293 2430; x_wconf 85' lang='lat' dir='ltr'><strong>sint,</strong></span> <span class='ocrx_word' id='word_1_98' title='bbox 322 2357 358 2411; x_wconf 93' lang='lat' dir='ltr'><strong>ut</strong></span> <span class='ocrx_word' id='word_1_99' title='bbox 376 2353 526 2421; x_wconf 83' lang='lat' dir='ltr'><strong>mimicum</strong></span> <span class='ocrx_word' id='word_1_100' title='bbox 545 2354 709 2414; x_wconf 82' lang='lat' dir='ltr'><strong>verborum</strong></span> <span class='ocrx_word' id='word_1_101' title='bbox 729 2349 889 2412; x_wconf 88' lang='lat' dir='ltr'><strong>licentiam</strong></span> <span class='ocrx_word' id='word_1_102' title='bbox 912 2350 1076 2411; x_wconf 87' lang='lat' dir='ltr'><strong>affectasse</strong></span> 
     </span>
     <span class='ocr_line' id='line_1_17' title="bbox 75 2432 1075 2518; baseline 0 -26"><span class='ocrx_word' id='word_1_103' title='bbox 75 2434 254 2512; x_wconf 79' lang='lat' dir='ltr'><strong>videantur,</strong></span> <span class='ocrx_word' id='word_1_104' title='bbox 282 2455 339 2515; x_wconf 81' lang='lat' dir='ltr'><strong>ego</strong></span> <span class='ocrx_word' id='word_1_105' title='bbox 355 2441 463 2510; x_wconf 88' lang='lat' dir='ltr'><strong>tamen</strong></span> <span class='ocrx_word' id='word_1_106' title='bbox 481 2436 545 2498; x_wconf 89' lang='lat' dir='ltr'><strong>illis</strong></span> <span class='ocrx_word' id='word_1_107' title='bbox 566 2457 629 2497; x_wconf 94' lang='lat' dir='ltr'><strong>non</strong></span> <span class='ocrx_word' id='word_1_108' title='bbox 645 2437 773 2518; x_wconf 82' lang='lat' dir='ltr'><strong>permisi</strong></span> <span class='ocrx_word' id='word_1_109' title='bbox 786 2442 849 2496; x_wconf 88' lang='lat' dir='ltr'><strong>tam</strong></span> <span class='ocrx_word' id='word_1_110' title='bbox 861 2433 975 2495; x_wconf 80' lang='lat' dir='ltr'><strong>lascive</strong></span> <span class='ocrx_word' id='word_1_111' title='bbox 988 2432 1075 2512; x_wconf 87' lang='lat' dir='ltr'><strong>loqui</strong></span> 
     </span>
     <span class='ocr_line' id='line_1_18' title="bbox 77 2516 1075 2599; baseline -0.001 -22"><span class='ocrx_word' id='word_1_112' title='bbox 77 2538 165 2596; x_wconf 87' lang='lat' dir='ltr'><strong>qnam</strong></span> <span class='ocrx_word' id='word_1_113' title='bbox 180 2517 292 2582; x_wconf 84' lang='lat' dir='ltr'><strong>solent.</strong></span> <span class='ocrx_word' id='word_1_114' title='bbox 328 2521 405 2581; x_wconf 75' lang='lat' dir='ltr'><strong>Cum</strong></span> <span class='ocrx_word' id='word_1_115' title='bbox 425 2540 496 2599; x_wconf 80' lang='lat' dir='ltr'><strong>pers</strong></span> <span class='ocrx_word' id='word_1_116' title='bbox 510 2520 584 2582; x_wconf 90' lang='lat' dir='ltr'><strong>libri</strong></span> <span class='ocrx_word' id='word_1_117' title='bbox 598 2528 631 2581; x_wconf 90' lang='lat' dir='ltr'><strong>et</strong></span> <span class='ocrx_word' id='word_1_118' title='bbox 644 2522 741 2587; x_wconf 88' lang='lat' dir='ltr'><strong>maior</strong></span> <span class='ocrx_word' id='word_1_119' title='bbox 755 2525 788 2580; x_wconf 91' lang='lat' dir='ltr'><strong>et</strong></span> <span class='ocrx_word' id='word_1_120' title='bbox 800 2516 913 2579; x_wconf 84' lang='lat' dir='ltr'><strong>melior</strong></span> <span class='ocrx_word' id='word_1_121' title='bbox 927 2517 967 2578; x_wconf 84' lang='lat' dir='ltr'><strong>ad</strong></span> <span class='ocrx_word' id='word_1_122' title='bbox 980 2518 1075 2577; x_wconf 85' lang='lat' dir='ltr'><strong>meie-</strong></span> 
     </span>
    </p>
   </div>
   <div class='ocr_carea' id='block_1_5' title="bbox 34 2600 1075 2938">
    <p class='ocr_par' dir='ltr' id='par_1_5' title="bbox 34 2600 1075 2938">
     <span class='ocr_line' id='line_1_19' title="bbox 77 2600 1074 2684; baseline 0 -25"><span class='ocrx_word' id='word_1_123' title='bbox 77 2608 187 2661; x_wconf 86' lang='lat' dir='ltr'><strong>statem</strong></span> <span class='ocrx_word' id='word_1_124' title='bbox 209 2605 290 2663; x_wconf 82' lang='lat' dir='ltr'><strong>sacri</strong></span> <span class='ocrx_word' id='word_1_125' title='bbox 310 2605 443 2664; x_wconf 86' lang='lat' dir='ltr'><strong>nominis</strong></span> <span class='ocrx_word' id='word_1_126' title='bbox 462 2605 509 2664; x_wconf 88' lang='lat' dir='ltr'><strong>tui</strong></span> <span class='ocrx_word' id='word_1_127' title='bbox 524 2604 646 2684; x_wconf 84' lang='lat' dir='ltr'><strong>alligata</strong></span> <span class='ocrx_word' id='word_1_128' title='bbox 659 2607 717 2684; x_wconf 87' lang='lat' dir='ltr'><strong>sit,</strong></span> <span class='ocrx_word' id='word_1_129' title='bbox 745 2605 922 2664; x_wconf 87' lang='lat' dir='ltr'><strong>meminerit</strong></span> <span class='ocrx_word' id='word_1_130' title='bbox 935 2621 999 2662; x_wconf 90' lang='lat' dir='ltr'><strong>non</strong></span> <span class='ocrx_word' id='word_1_131' title='bbox 1012 2600 1074 2660; x_wconf 90' lang='lat' dir='ltr'><strong>nisi</strong></span> 
     </span>
     <span class='ocr_line' id='line_1_20' title="bbox 34 2683 1075 2767; baseline -0.003 -21"><span class='ocrx_word' id='word_1_132' title='bbox 34 2684 223 2763; x_wconf 71' lang='lat' dir='ltr'><strong>lbreligioso</strong></span> <span class='ocrx_word' id='word_1_133' title='bbox 241 2689 458 2767; x_wconf 84' lang='lat' dir='ltr'><strong>purificatione</strong></span> <span class='ocrx_word' id='word_1_134' title='bbox 477 2686 626 2749; x_wconf 80' lang='lat' dir='ltr'><strong>lustratos</strong></span> <span class='ocrx_word' id='word_1_135' title='bbox 648 2685 806 2749; x_wconf 84' lang='lat' dir='ltr'><strong>accedere</strong></span> <span class='ocrx_word' id='word_1_136' title='bbox 822 2687 861 2748; x_wconf 84' lang='lat' dir='ltr'><strong>ad</strong></span> <span class='ocrx_word' id='word_1_137' title='bbox 879 2683 998 2767; x_wconf 88' lang='lat' dir='ltr'><strong>templa</strong></span> <span class='ocrx_word' id='word_1_138' title='bbox 1019 2683 1075 2743; x_wconf 88' lang='lat' dir='ltr'><strong>de-</strong></span> 
     </span>
     <span class='ocr_line' id='line_1_21' title="bbox 75 2769 1073 2849; baseline -0.001 -22"><span class='ocrx_word' id='word_1_139' title='bbox 75 2771 161 2829; x_wconf 90' lang='lat' dir='ltr'><strong>bere.</strong></span> <span class='ocrx_word' id='word_1_140' title='bbox 199 2769 289 2844; x_wconf 80' lang='lat' dir='ltr'><strong>Quod</strong></span> <span class='ocrx_word' id='word_1_141' title='bbox 307 2776 343 2830; x_wconf 90' lang='lat' dir='ltr'><strong>ut</strong></span> <span class='ocrx_word' id='word_1_142' title='bbox 363 2771 586 2834; x_wconf 85' lang='lat' dir='ltr'><strong>custoditurum</strong></span> <span class='ocrx_word' id='word_1_143' title='bbox 605 2792 655 2833; x_wconf 93' lang='lat' dir='ltr'><strong>me</strong></span> <span class='ocrx_word' id='word_1_144' title='bbox 675 2771 790 2833; x_wconf 86' lang='lat' dir='ltr'><strong>lecturi</strong></span> <span class='ocrx_word' id='word_1_145' title='bbox 809 2773 926 2849; x_wconf 86' lang='lat' dir='ltr'><strong>sciant,</strong></span> <span class='ocrx_word' id='word_1_146' title='bbox 948 2771 987 2830; x_wconf 81' lang='lat' dir='ltr'><strong>&#39;in</strong></span> <span class='ocrx_word' id='word_1_147' title='bbox 1005 2769 1073 2847; x_wconf 91' lang='lat' dir='ltr'><strong>ipso</strong></span> 
     </span>
     <span class='ocr_line' id='line_1_22' title="bbox 74 2851 1074 2938; baseline 0 -27"><span class='ocrx_word' id='word_1_148' title='bbox 74 2851 177 2912; x_wconf 91' lang='lat' dir='ltr'><strong>libelli</strong></span> <span class='ocrx_word' id='word_1_149' title='bbox 196 2853 286 2913; x_wconf 89' lang='lat' dir='ltr'><strong>buius</strong></span> <span class='ocrx_word' id='word_1_150' title='bbox 306 2853 412 2916; x_wconf 87' lang='lat' dir='ltr'><strong>limine</strong></span> <span class='ocrx_word' id='word_1_151' title='bbox 431 2855 576 2936; x_wconf 88' lang='lat' dir='ltr'><strong>profiteri</strong></span> <span class='ocrx_word' id='word_1_152' title='bbox 593 2857 774 2918; x_wconf 86' lang='lat' dir='ltr'><strong>brevissimo</strong></span> <span class='ocrx_word' id='word_1_153' title='bbox 788 2854 907 2938; x_wconf 76' lang='lat' dir='ltr'><strong>placuit</strong></span> <span class='ocrx_word' id='word_1_154' title='bbox 921 2856 1074 2935; x_wconf 76' lang='lat' dir='ltr'><strong>epigram-</strong></span> 
     </span>
    </p>
   </div>
   <div class='ocr_carea' id='block_1_6' title="bbox 75 2944 166 2999">
    <p class='ocr_par' dir='ltr' id='par_1_6' title="bbox 75 2944 166 2999">
     <span class='ocr_line' id='line_1_23' title="bbox 75 2944 166 2999; baseline 0.044 -4"><span class='ocrx_word' id='word_1_155' title='bbox 75 2944 166 2999; x_wconf 86' lang='lat' dir='ltr'><strong>mate.</strong></span> 
     </span>
    </p>
   </div>
   <div class='ocr_carea' id='block_1_7' title="bbox 539 3021 561 3082">
    <p class='ocr_par' dir='ltr' id='par_1_7' title="bbox 539 3021 561 3082">
     <span class='ocr_line' id='line_1_24' title="bbox 539 3021 561 3082; baseline 0 0"><span class='ocrx_word' id='word_1_156' title='bbox 539 3021 561 3082; x_wconf 93' lang='lat'><strong>1.</strong></span> 
     </span>
    </p>
   </div>
   <div class='ocr_carea' id='block_1_8' title="bbox 116 3131 934 3468">
    <p class='ocr_par' dir='ltr' id='par_1_8' title="bbox 117 3131 888 3298">
     <span class='ocr_line' id='line_1_25' title="bbox 117 3131 888 3216; baseline 0.006 -25"><span class='ocrx_word' id='word_1_157' title='bbox 117 3131 302 3213; x_wconf 84' lang='lat' dir='ltr'><strong>Laurigeros</strong></span> <span class='ocrx_word' id='word_1_158' title='bbox 318 3132 451 3213; x_wconf 84' lang='lat' dir='ltr'><strong>domini,</strong></span> <span class='ocrx_word' id='word_1_159' title='bbox 469 3135 571 3210; x_wconf 90' lang='lat' dir='ltr'><strong>liber,</strong></span> <span class='ocrx_word' id='word_1_160' title='bbox 591 3136 744 3195; x_wconf 86' lang='lat' dir='ltr'><strong>intrature</strong></span> <span class='ocrx_word' id='word_1_161' title='bbox 758 3142 888 3216; x_wconf 75' lang='lat' dir='ltr'><strong>penates</strong></span> 
     </span>
     <span class='ocr_line' id='line_1_26' title="bbox 158 3216 770 3298; baseline 0.008 -23"><span class='ocrx_word' id='word_1_162' title='bbox 158 3217 250 3280; x_wconf 85' lang='lat' dir='ltr'><strong>Disce</strong></span> <span class='ocrx_word' id='word_1_163' title='bbox 263 3216 439 3279; x_wconf 85' lang='lat' dir='ltr'><strong>verecundo</strong></span> <span class='ocrx_word' id='word_1_164' title='bbox 454 3216 589 3277; x_wconf 82' lang='lat' dir='ltr'><strong>sanetius</strong></span> <span class='ocrx_word' id='word_1_165' title='bbox 604 3238 659 3279; x_wconf 90' lang='lat' dir='ltr'><strong>ore</strong></span> <span class='ocrx_word' id='word_1_166' title='bbox 673 3217 770 3298; x_wconf 88' lang='lat' dir='ltr'><strong>loqui.</strong></span> 
     </span>
    </p>

    <p class='ocr_par' dir='ltr' id='par_1_9' title="bbox 116 3298 934 3468">
     <span class='ocr_line' id='line_1_27' title="bbox 116 3298 934 3378; baseline 0.001 -20"><span class='ocrx_word' id='word_1_167' title='bbox 116 3298 205 3360; x_wconf 87' lang='lat' dir='ltr'><strong>Nuda</strong></span> <span class='ocrx_word' id='word_1_168' title='bbox 218 3302 332 3364; x_wconf 84' lang='lat' dir='ltr'><strong>recede</strong></span> <span class='ocrx_word' id='word_1_169' title='bbox 346 3304 469 3378; x_wconf 84' lang='lat' dir='ltr'><strong>Venns;</strong></span> <span class='ocrx_word' id='word_1_170' title='bbox 491 3320 554 3361; x_wconf 92' lang='lat' dir='ltr'><strong>non</strong></span> <span class='ocrx_word' id='word_1_171' title='bbox 571 3308 620 3362; x_wconf 88' lang='lat' dir='ltr'><strong>est</strong></span> <span class='ocrx_word' id='word_1_172' title='bbox 633 3307 704 3363; x_wconf 90' lang='lat' dir='ltr'><strong>tuus</strong></span> <span class='ocrx_word' id='word_1_173' title='bbox 717 3305 778 3363; x_wconf 86' lang='lat' dir='ltr'><strong>iste</strong></span> <span class='ocrx_word' id='word_1_174' title='bbox 792 3299 934 3364; x_wconf 81' lang='lat' dir='ltr'><strong>libellus:</strong></span> 
     </span>
     <span class='ocr_line' id='line_1_28' title="bbox 160 3384 795 3468; baseline 0.006 -25"><span class='ocrx_word' id='word_1_175' title='bbox 160 3384 209 3444; x_wconf 78' lang='lat' dir='ltr'><strong>&#39;l&#39;u</strong></span> <span class='ocrx_word' id='word_1_176' title='bbox 223 3388 313 3468; x_wconf 87' lang='lat' dir='ltr'><strong>mibi,</strong></span> <span class='ocrx_word' id='word_1_177' title='bbox 334 3392 370 3448; x_wconf 91' lang='lat' dir='ltr'><strong>tu</strong></span> <span class='ocrx_word' id='word_1_178' title='bbox 382 3387 483 3449; x_wconf 85' lang='lat' dir='ltr'><strong>Pallas</strong></span> <span class='ocrx_word' id='word_1_179' title='bbox 499 3387 696 3461; x_wconf 77' lang='lat' dir='ltr'><strong>Caesariana,</strong></span> <span class='ocrx_word' id='word_1_180' title='bbox 715 3388 795 3448; x_wconf 82' lang='lat' dir='ltr'><strong>veni.</strong></span> 
     </span>
    </p>
   </div>
   <div class='ocr_carea' id='block_1_9' title="bbox 0 0 1190 3840">
    <p class='ocr_par' dir='ltr' id='par_1_10' title="bbox 0 0 1190 3840">
     <span class='ocr_line' id='line_1_29' title="bbox 0 0 1190 3840; baseline 0 3"><span class='ocrx_word' id='word_1_181' title='bbox 0 0 1190 3840; x_wconf 95' lang='lat' dir='ltr'><strong> </strong></span> 
     </span>
    </p>
   </div>
  </div>
 </body>
</html>
