2370 3840
352 214 691 278 umenammnuon
710 215 842 280 LIBER.

559 415 624 480 Vll.

156 531 300 612 Qualiter
313 534 347 593 in
362 532 507 613 Scythica
520 531 671 611 religatus
683 550 761 612 rupe
777 532 982 593 Prometheus

196 616 358 678 Assiduum
370 618 464 678 nimio
481 623 609 699 pectore
624 617 708 698 pavit
721 634 824 694 avem,

155 701 244 762 Nuda
258 699 428 762 Caledonio
443 701 488 761 sic
501 701 620 761 viscera
634 700 778 780 praebuit
791 719 864 760 urso

198 786 267 846 Non
279 783 358 847 falsa
371 783 512 865 pendens
527 787 560 844 in
576 802 667 845 cruce
681 781 861 846 Laureolus.

131 863 308 932 5Viv'ebant
321 867 418 930 laceri
436 870 582 929 membris
597 864 784 929 stillantibus
799 873 883 928 artus

197 954 293 1033 Inque
308 955 390 1014 omni
403 972 551 1033 nusquam
566 971 697 1033 corpore
712 971 824 1033 corpus
839 955 914 1012 erat.

154 1037 296 1117 Denique
311 1036 495 1118 supplicium
511 1037 641 1120 dignum
655 1037 746 1098 tulit:
759 1036 815 1098 ille
825 1037 969 1117 parentis

196 1119 259 1184 Vel
274 1118 390 1182 domini
403 1120 539 1200 iugulum
552 1120 677 1181 foderat
693 1139 767 1181 ense
781 1137 915 1195 nocens;

156 1203 288 1286 'l'empla
300 1203 353 1266 vel
368 1225 478 1266 arcanc
495 1203 622 1266 demens
638 1204 823 1286 spoliaverat
839 1222 930 1282 auro,

114 1300 148 1354 10
197 1287 385 1351 subdiderat
396 1308 499 1351 aeras
514 1289 564 1351 vel
576 1290 651 1368 tibi,
672 1289 785 1367 Roma,
808 1287 901 1347 iaces.

156 1374 285 1438 Vicerat
300 1375 443 1454 antiquae
458 1371 629 1434 sceleratus
645 1374 772 1433 crimina
786 1372 903 1447 lamae,

198 1458 232 1518 ln
243 1478 319 1539 quo,
343 1477 421 1538 quae
434 1459 538 1519 fuerat
552 1454 671 1534 fabula,
693 1474 794 1536 poena
806 1455 876 1527 fait.

556 1592 633 1654 Vlll.

157 1705 310 1787 Daedale,
326 1693 450 1770 Lucano
467 1727 535 1770 cum
549 1709 594 1769 sic
607 1707 757 1768 lacereris
772 1707 809 1766 ab
826 1724 916 1782 urso,

199 1790 295 1868 Quam
310 1811 441 1873 cuperes
454 1794 564 1873 pinnas
578 1811 659 1852 nunc
673 1792 816 1853 habuisse
831 1789 915 1850 tuas!

564 1926 616 1988 lx.

154 2039 316 2102 Praestitit
333 2043 486 2105 exhibitus
501 2049 566 2103 tota
580 2043 653 2120 tibi,
674 2041 804 2119 Caesar,
825 2041 941 2101 harena

199 2126 283 2200 Quae
296 2145 358 2186 non
372 2127 513 2207 promisit
526 2125 645 2207 praelia
658 2126 849 2221 rhincperus.

156 2208 183 2269 0
200 2228 289 2288 quam
307 2208 460 2271 terribilis
475 2211 591 2271 exarsit
602 2228 719 2290 pronus
731 2209 764 2267 in
778 2208 857 2268 irus!

199 2291 336 2369 Quantus
351 2300 418 2355 erat
432 2301 554 2373 taurus,
577 2295 626 2354 cui
639 2292 704 2375 pila
717 2297 822 2352 taurus
837 2290 918 2350 erat!

575 2428 612 2488 X.

154 2542 304 2604 Laeserat
315 2544 438 2622 ingrato
452 2541 503 2604 leo
520 2543 659 2624 perfidus
674 2562 728 2604 ore
741 2543 935 2626 magistrum,

197 2627 298 2687 Ausus
311 2633 374 2687 tarn
389 2633 478 2688 notas
493 2634 707 2689 contemerare
722 2645 844 2704 manus,

154 2709 219 2770 Sed
235 2708 342 2789 dignas
357 2717 443 2772 tanto
460 2710 612 2792 persolvit
627 2712 756 2772 crimine
769 2727 902 2791 poenas,

195 2795 237 2855 lut
251 2795 304 2873 qui
318 2813 380 2854 nun
394 2793 511 2856 tulerat
527 2797 673 2872 verbera,
696 2794 758 2855 tela
771 2793 854 2854 tulit.

90 2886 148 2958 ³:25
155 2877 239 2956 Quos
254 2876 347 2938 decet
364 2897 433 2940 esse
447 2879 604 2940 hominum
619 2877 676 2939 tali
691 2879 746 2938 sub
760 2879 903 2958 principe
918 2890 1037 2951 mores,

116 2958 121 2965 ’
197 2960 257 3038 Qui
272 2962 361 3023 iubet
374 2964 530 3041 ingenium
544 2964 648 3023 mitius
663 2981 733 3022 esse
747 2960 838 3021 feris!

565 3096 616 3157 XI.

155 3207 313 3289 Praeceps
327 3211 493 3288 sanguinea
510 3208 581 3270 dnm
596 3227 630 3291 se
644 3215 728 3269 rotat
741 3228 830 3269 ursus
845 3208 976 3289 harenc,

196 3292 377 3372 Implicitam
390 3295 473 3354 visco
489 3291 628 3375 perdidit
641 3292 699 3354 ille
712 3294 823 3372 fagum.

154 3374 326 3457 Splendida
340 3378 400 3438 iam
414 3384 497 3439 tecto
514 3385 638 3438 cessent
650 3375 800 3439 venabula
814 3376 920 3455 ferro,

196 3459 262 3520 Nec
275 3461 360 3522 volet
373 3480 500 3524 excussu
511 3461 622 3535 lancea
633 3466 720 3526 torta
730 3479 845 3539 manua
882 3541 926 3606 w

1089 214 1111 279 3
