2370 3840
306 174 646 238 EPIGRAMMATON
658 175 780 237 LIBER
794 177 842 237 111.
930 191 932 197 ’
1055 177 1096 244 71

178 324 309 390 Putidus
324 334 390 407 est,
410 330 527 389 totiens
542 328 569 388 si
586 329 661 388 mihi
675 330 764 408 ponis
780 349 896 409 aprum.

139 414 228 492 Quod
242 416 269 474 si
283 431 346 472 non
361 414 511 472 scombris
526 410 678 472 scelerata
693 420 835 492 poemata
850 412 962 495 donus,

94 508 130 561 10
178 497 312 559 Cenabis
330 495 413 556 solus
429 498 506 575 ism,
527 493 692 574 Ligurine,
714 495 806 604 douri.

548 643 597 704 LI.

136 770 215 832 Gum
228 772 341 831 faciem
352 770 462 851 laudo,
477 791 545 831 curn
560 772 656 830 miror
672 791 762 831 crure
775 790 961 851 manusque,

178 856 309 934 Dicere,
327 853 433 933 Galla,
455 853 537 915 soles
552 854 662 932 „Nuda
676 853 805 934 placebo
820 855 949 934 magis‚“

135 939 178 1000 nt
191 958 316 1019 semper
329 941 408 999 vitas
424 940 596 998 communic
608 939 719 1000 balnea
733 939 831 1000 nobis.

178 1023 350 1102 Numquid,
373 1022 476 1101 Galla,
497 1024 605 1101 times,
628 1041 668 1082 ne
683 1024 741 1083 tibi
755 1043 817 1083 non
829 1021 990 1103 placeam?

542 1171 605 1233 LII.

134 1298 246 1378 Empta
264 1298 371 1359 domus
385 1300 489 1366 fuerat
502 1302 576 1379 tibi,
599 1298 802 1379 Tongilianus,
825 1297 952 1360 ducenis

177 1382 315 1443 Abstulit
329 1384 408 1443 hunc
422 1385 547 1444 nimium
564 1404 652 1444 casus
667 1387 700 1444 iu
715 1387 793 1445 urbe
807 1384 967 1463 frequens,

49 1472 53 1477 '
135 1465 290 1528 Collatum
306 1475 355 1527 cst
368 1466 504 1528 deciens.
534 1468 637 1546 Rogo,
658 1487 721 1528 non
735 1475 826 1548 potes
840 1470 908 1549 ipse
922 1467 1022 1530 videri

177 1549 357 1611 incendisse
372 1559 471 1630 tuam,
495 1552 695 1631 Tongiliane,
718 1552 864 1614 domum?

536 1699 612 1763 [ΠΙ.

133 1824 176 1885 nt
187 1821 274 1885 voltu
286 1832 428 1906 poteram
440 1831 495 1887 inc
513 1845 621 1887 curere

133 1909 177 1970 Et
192 1907 274 1968 collo
290 1911 491 1989 manibusque
505 1913 709 1990 cruribusque

133 1993 176 2052 nt
190 1995 327 2054 mammis
343 1996 527 2073 nutibusque
541 1994 762 2077 clunibusque,

133 2077 192 2156 nt,
211 2095 252 2136 ne
267 2076 388 2157 singula
401 2080 550 2158 persequi
565 2078 722 2160 laborem,

111 2160 217 2222 5Totu
232 2167 265 2222 te
278 2170 436 2242 poteram,
459 2163 575 2241 Chloe,
598 2183 715 2225 cerere.

532 2315 610 2378 LIV.

134 2439 212 2500 (inm
226 2437 302 2500 dure
319 2461 382 2500 non
395 2444 510 2523 possim
526 2442 609 2521 quod
623 2442 742 2522 ponci,
765 2436 871 2517 Gallu,
891 2443 1068 2520 rogantem,

176 2521 280 2584 Multo
295 2522 482 2607 simplicius,
505 2526 612 2604 Gallu,
634 2543 749 2604 negare
763 2529 864 2604 potes.

430 2704 434 2711 .
533 2673 598 2737 LV.

134 2798 224 2875 Quod
240 2820 420 2881 quacunque
434 2803 536 2880 venis,
561 2801 704 2862 Cosmum
721 2801 854 2879 migrare
869 2804 1010 2881 putamus

176 2884 218 2943 nt
229 2885 329 2944 fluere
344 2904 472 2946 excusso
488 2887 627 2945 cinnama
641 2887 710 2946 fusa
724 2886 823 2963 vitro,

132 2965 213 3027 Nolo
227 2970 403 3048 peregrinis
417 2968 542 3050 plucecs
557 2971 632 3048 tibi,
654 2967 775 3047 Gellia,
797 2969 896 3048 nugis.

176 3051 261 3131 Scis,
282 3058 376 3133 puto,
397 3073 489 3135 posse
506 3073 607 3114 meum
622 3055 667 3114 sic
682 3056 763 3115 bene
778 3052 865 3115 olere
880 3069 995 3112 canem.

533 3202 610 3264 LVI.

132 3328 182 3388 Sit
195 3329 330 3388 cisterna
343 3331 435 3408 mihi,
459 3351 547 3410 quam
561 3333 667 3411 vines,
688 3329 769 3391 mulo
783 3316 965 3410 Ruvennae,

175 3413 252 3473 cum
269 3415 385 3493 possim
399 3413 496 3475 multo
510 3415 648 3477 vendere
662 3414 763 3497 pluris
778 3433 896 3496 equum.
