<?xml version="1.0" encoding="UTF-8"?>
<!DOCTYPE html PUBLIC "-//W3C//DTD XHTML 1.0 Transitional//EN"
    "http://www.w3.org/TR/xhtml1/DTD/xhtml1-transitional.dtd">
<html xmlns="http://www.w3.org/1999/xhtml" xml:lang="en" lang="en">
 <head>
  <title>
</title>
<meta http-equiv="Content-Type" content="text/html;charset=utf-8" />
  <meta name='ocr-system' content='tesseract 3.04.00' />
  <meta name='ocr-capabilities' content='ocr_page ocr_carea ocr_par ocr_line ocrx_word'/>
</head>
<body>
  <div class='ocr_page' id='page_1' title='image "./epigrammatonlib00schngoog_0199.png"; bbox 0 0 2370 3840; ppageno 0'>
   <div class='ocr_carea' id='block_1_1' title="bbox 102 214 817 283">
    <p class='ocr_par' dir='ltr' id='par_1_1' title="bbox 102 214 817 283">
     <span class='ocr_line' id='line_1_1' title="bbox 102 214 817 283; baseline -0.011 0"><span class='ocrx_word' id='word_1_1' title='bbox 102 219 162 283; x_wconf 77' lang='lat'><strong>190</strong></span> <span class='ocrx_word' id='word_1_2' title='bbox 423 218 468 280; x_wconf 92' lang='grc' dir='ltr'><strong>Μ.</strong></span> <span class='ocrx_word' id='word_1_3' title='bbox 484 215 576 280; x_wconf 87' lang='lat' dir='ltr'><strong>VAL.</strong></span> <span class='ocrx_word' id='word_1_4' title='bbox 592 214 817 276; x_wconf 85' lang='lat' dir='ltr'><strong>MARTlALlS</strong></span> 
     </span>
    </p>
   </div>
   <div class='ocr_carea' id='block_1_2' title="bbox 140 366 1023 1031">
    <p class='ocr_par' dir='ltr' id='par_1_2' title="bbox 182 366 981 616">
     <span class='ocr_line' id='line_1_2' title="bbox 182 366 880 448; baseline -0.007 -17"><span class='ocrx_word' id='word_1_5' title='bbox 182 367 307 432; x_wconf 81' lang='lat' dir='ltr'><strong>Excidit</strong></span> <span class='ocrx_word' id='word_1_6' title='bbox 323 368 453 446; x_wconf 87' lang='lat' dir='ltr'><strong>attonito</strong></span> <span class='ocrx_word' id='word_1_7' title='bbox 469 369 591 448; x_wconf 80' lang='lat' dir='ltr'><strong>pinguis</strong></span> <span class='ocrx_word' id='word_1_8' title='bbox 607 366 737 429; x_wconf 76' lang='lat' dir='ltr'><strong>Galatea</strong></span> <span class='ocrx_word' id='word_1_9' title='bbox 751 372 880 447; x_wconf 83' lang='lat' dir='ltr'><strong>poetae,</strong></span> 
     </span>
     <span class='ocr_line' id='line_1_3' title="bbox 227 452 934 531; baseline -0.006 -19"><span class='ocrx_word' id='word_1_10' title='bbox 227 452 389 531; x_wconf 78' lang='lat' dir='ltr'><strong>Thestylis</strong></span> <span class='ocrx_word' id='word_1_11' title='bbox 404 458 437 512; x_wconf 89' lang='lat' dir='ltr'><strong>et</strong></span> <span class='ocrx_word' id='word_1_12' title='bbox 450 454 559 513; x_wconf 81' lang='lat' dir='ltr'><strong>rubras</strong></span> <span class='ocrx_word' id='word_1_13' title='bbox 574 452 725 512; x_wconf 80' lang='lat' dir='ltr'>messibus</span> <span class='ocrx_word' id='word_1_14' title='bbox 741 458 810 510; x_wconf 89' lang='lat' dir='ltr'><strong>usta</strong></span> <span class='ocrx_word' id='word_1_15' title='bbox 825 469 934 528; x_wconf 82' lang='lat' dir='ltr'><strong>genas:</strong></span> 
     </span>
     <span class='ocr_line' id='line_1_4' title="bbox 182 537 981 616; baseline -0.006 -19"><span class='ocrx_word' id='word_1_16' title='bbox 182 537 330 597; x_wconf 85' lang='lat' dir='ltr'>Protinus</span> <span class='ocrx_word' id='word_1_17' title='bbox 344 537 478 596; x_wconf 79' lang='lat' dir='ltr'><strong>lrnnrsn</strong></span> <span class='ocrx_word' id='word_1_18' title='bbox 495 537 638 616; x_wconf 84' lang='lat' dir='ltr'><strong>concepit</strong></span> <span class='ocrx_word' id='word_1_19' title='bbox 654 541 687 594; x_wconf 92' lang='lat' dir='ltr'><strong>et</strong></span> <span class='ocrx_word' id='word_1_20' title='bbox 701 554 790 595; x_wconf 81' lang='lat' dir='ltr'><strong>anna</strong></span> <span class='ocrx_word' id='word_1_21' title='bbox 806 553 981 611; x_wconf 79' lang='lat' dir='ltr'><strong>vmorvoon,</strong></span> 
     </span>
    </p>

    <p class='ocr_par' dir='ltr' id='par_1_3' title="bbox 140 617 1023 1031">
     <span class='ocr_line' id='line_1_5' title="bbox 140 617 919 695; baseline -0.006 -13"><span class='ocrx_word' id='word_1_22' title='bbox 140 628 176 682; x_wconf 78' lang='lat'><strong>20</strong></span> <span class='ocrx_word' id='word_1_23' title='bbox 225 620 285 695; x_wconf 80' lang='lat' dir='ltr'><strong>Qui</strong></span> <span class='ocrx_word' id='word_1_24' title='bbox 299 618 390 680; x_wconf 92' lang='lat' dir='ltr'><strong>modo</strong></span> <span class='ocrx_word' id='word_1_25' title='bbox 406 621 455 679; x_wconf 82' lang='lat' dir='ltr'><strong>vix</strong></span> <span class='ocrx_word' id='word_1_26' title='bbox 471 618 611 680; x_wconf 77' lang='lat' dir='ltr'><strong>(inlicem</strong></span> <span class='ocrx_word' id='word_1_27' title='bbox 625 620 756 678; x_wconf 88' lang='lat' dir='ltr'><strong>iicverat</strong></span> <span class='ocrx_word' id='word_1_28' title='bbox 771 637 825 678; x_wconf 89' lang='lat' dir='ltr'><strong>ore</strong></span> <span class='ocrx_word' id='word_1_29' title='bbox 840 617 919 677; x_wconf 91' lang='lat' dir='ltr'><strong>rudi.</strong></span> 
     </span>
     <span class='ocr_line' id='line_1_6' title="bbox 184 701 1023 783; baseline -0.005 -20"><span class='ocrx_word' id='word_1_30' title='bbox 184 703 266 780; x_wconf 80' lang='lat' dir='ltr'><strong>Quid</strong></span> <span class='ocrx_word' id='word_1_31' title='bbox 280 703 392 766; x_wconf 91' lang='lat' dir='ltr'><strong>Varios</strong></span> <span class='ocrx_word' id='word_1_32' title='bbox 406 703 591 780; x_wconf 87' lang='lat' dir='ltr'><strong>Marsosque</strong></span> <span class='ocrx_word' id='word_1_33' title='bbox 606 701 716 781; x_wconf 84' lang='lat' dir='ltr'><strong>loquar</strong></span> <span class='ocrx_word' id='word_1_34' title='bbox 732 701 889 779; x_wconf 89' lang='lat' dir='ltr'><strong>ditataque</strong></span> <span class='ocrx_word' id='word_1_35' title='bbox 903 706 1023 783; x_wconf 74' lang='lat' dir='ltr'><strong>vatum¹</strong></span> 
     </span>
     <span class='ocr_line' id='line_1_7' title="bbox 225 783 991 864; baseline -0.003 -17"><span class='ocrx_word' id='word_1_36' title='bbox 225 787 371 864; x_wconf 85' lang='lat' dir='ltr'><strong>Nomina,</strong></span> <span class='ocrx_word' id='word_1_37' title='bbox 392 805 518 864; x_wconf 83' lang='lat' dir='ltr'><strong>magnus</strong></span> <span class='ocrx_word' id='word_1_38' title='bbox 534 787 596 845; x_wconf 89' lang='lat' dir='ltr'><strong>erit</strong></span> <span class='ocrx_word' id='word_1_39' title='bbox 611 804 687 864; x_wconf 92' lang='lat' dir='ltr'><strong>quos</strong></span> <span class='ocrx_word' id='word_1_40' title='bbox 702 802 866 845; x_wconf 88' lang='lat' dir='ltr'><strong>numerare</strong></span> <span class='ocrx_word' id='word_1_41' title='bbox 880 783 991 845; x_wconf 81' lang='lat' dir='ltr'><strong>labor‘i</strong></span> 
     </span>
     <span class='ocr_line' id='line_1_8' title="bbox 182 868 928 949; baseline -0.008 -17"><span class='ocrx_word' id='word_1_42' title='bbox 182 871 265 949; x_wconf 80' lang='lat' dir='ltr'><strong>Ergo</strong></span> <span class='ocrx_word' id='word_1_43' title='bbox 281 889 339 949; x_wconf 84' lang='lat' dir='ltr'><strong>ego</strong></span> <span class='ocrx_word' id='word_1_44' title='bbox 353 868 531 947; x_wconf 82' lang='lat' dir='ltr'><strong>Vergilius,</strong></span> <span class='ocrx_word' id='word_1_45' title='bbox 553 870 580 929; x_wconf 89' lang='lat' dir='ltr'><strong>si</strong></span> <span class='ocrx_word' id='word_1_46' title='bbox 595 887 722 928; x_wconf 91' lang='lat' dir='ltr'><strong>munera</strong></span> <span class='ocrx_word' id='word_1_47' title='bbox 737 869 928 930; x_wconf 76' lang='lat' dir='ltr'><strong>Maecenatis</strong></span> 
     </span>
     <span class='ocr_line' id='line_1_9' title="bbox 224 952 979 1031; baseline -0.005 -19"><span class='ocrx_word' id='word_1_48' title='bbox 224 953 288 1013; x_wconf 85' lang='lat' dir='ltr'><strong>Des</strong></span> <span class='ocrx_word' id='word_1_49' title='bbox 303 953 401 1013; x_wconf 74' lang='lat' dir='ltr'><strong>mihi?</strong></span> <span class='ocrx_word' id='word_1_50' title='bbox 429 952 587 1031; x_wconf 79' lang='lat' dir='ltr'><strong>Vergilius</strong></span> <span class='ocrx_word' id='word_1_51' title='bbox 600 971 663 1011; x_wconf 94' lang='lat' dir='ltr'><strong>non</strong></span> <span class='ocrx_word' id='word_1_52' title='bbox 678 970 753 1031; x_wconf 84' lang='lat' dir='ltr'><strong>ero,</strong></span> <span class='ocrx_word' id='word_1_53' title='bbox 775 952 898 1013; x_wconf 85' lang='lat' dir='ltr'><strong>Marsus</strong></span> <span class='ocrx_word' id='word_1_54' title='bbox 914 969 979 1012; x_wconf 88' lang='lat' dir='ltr'><strong>ero.</strong></span> 
     </span>
    </p>
   </div>
   <div class='ocr_carea' id='block_1_3' title="bbox 578 1064 671 1128">
    <p class='ocr_par' dir='ltr' id='par_1_4' title="bbox 578 1064 671 1128">
     <span class='ocr_line' id='line_1_10' title="bbox 578 1064 671 1128; baseline 0.054 -4"><span class='ocrx_word' id='word_1_55' title='bbox 578 1064 671 1128; x_wconf 86' lang='lat' dir='ltr'><strong>LVII.</strong></span> 
     </span>
    </p>
   </div>
   <div class='ocr_carea' id='block_1_4' title="bbox 162 1159 1029 1664">
    <p class='ocr_par' dir='ltr' id='par_1_5' title="bbox 162 1159 1029 1664">
     <span class='ocr_line' id='line_1_11' title="bbox 185 1159 1029 1244; baseline 0.001 -21"><span class='ocrx_word' id='word_1_56' title='bbox 185 1160 267 1223; x_wconf 77' lang='lat' dir='ltr'><strong>Tres</strong></span> <span class='ocrx_word' id='word_1_57' title='bbox 283 1162 391 1222; x_wconf 89' lang='lat' dir='ltr'><strong>habuit</strong></span> <span class='ocrx_word' id='word_1_58' title='bbox 407 1159 536 1242; x_wconf 87' lang='lat' dir='ltr'><strong>dentes,</strong></span> <span class='ocrx_word' id='word_1_59' title='bbox 557 1165 676 1244; x_wconf 86' lang='lat' dir='ltr'><strong>pariter</strong></span> <span class='ocrx_word' id='word_1_60' title='bbox 692 1182 768 1243; x_wconf 90' lang='lat' dir='ltr'><strong>quos</strong></span> <span class='ocrx_word' id='word_1_61' title='bbox 784 1165 890 1244; x_wconf 83' lang='lat' dir='ltr'><strong>expuit</strong></span> <span class='ocrx_word' id='word_1_62' title='bbox 906 1181 1029 1241; x_wconf 88' lang='lat' dir='ltr'><strong>omnes,</strong></span> 
     </span>
     <span class='ocr_line' id='line_1_12' title="bbox 227 1244 962 1328; baseline 0 -21"><span class='ocrx_word' id='word_1_63' title='bbox 227 1244 278 1307; x_wconf 85' lang='lat' dir='ltr'><strong>Ad</strong></span> <span class='ocrx_word' id='word_1_64' title='bbox 292 1244 443 1307; x_wconf 92' lang='lat' dir='ltr'><strong>tumulum</strong></span> <span class='ocrx_word' id='word_1_65' title='bbox 457 1247 569 1308; x_wconf 88' lang='lat' dir='ltr'><strong>Picens</strong></span> <span class='ocrx_word' id='word_1_66' title='bbox 585 1247 656 1308; x_wconf 92' lang='lat' dir='ltr'><strong>dum</strong></span> <span class='ocrx_word' id='word_1_67' title='bbox 671 1246 762 1308; x_wconf 86' lang='lat' dir='ltr'><strong>sedet</strong></span> <span class='ocrx_word' id='word_1_68' title='bbox 775 1247 843 1328; x_wconf 90' lang='lat' dir='ltr'><strong>ipse</strong></span> <span class='ocrx_word' id='word_1_69' title='bbox 857 1267 962 1322; x_wconf 88' lang='lat' dir='ltr'><strong>suum;</strong></span> 
     </span>
     <span class='ocr_line' id='line_1_13' title="bbox 186 1328 909 1412; baseline -0.001 -21"><span class='ocrx_word' id='word_1_70' title='bbox 186 1328 384 1411; x_wconf 80' lang='lat' dir='ltr'><strong>Collegitque</strong></span> <span class='ocrx_word' id='word_1_71' title='bbox 399 1333 469 1392; x_wconf 93' lang='lat' dir='ltr'><strong>sinu</strong></span> <span class='ocrx_word' id='word_1_72' title='bbox 482 1331 656 1412; x_wconf 84' lang='lat' dir='ltr'><strong>fragmenta</strong></span> <span class='ocrx_word' id='word_1_73' title='bbox 671 1331 835 1392; x_wconf 80' lang='lat' dir='ltr'><strong>novissima</strong></span> <span class='ocrx_word' id='word_1_74' title='bbox 846 1329 909 1390; x_wconf 85' lang='lat' dir='ltr'><strong>laxi</strong></span> 
     </span>
     <span class='ocr_line' id='line_1_14' title="bbox 227 1415 842 1495; baseline 0.003 -21"><span class='ocrx_word' id='word_1_75' title='bbox 227 1415 299 1475; x_wconf 88' lang='lat' dir='ltr'><strong>Oris</strong></span> <span class='ocrx_word' id='word_1_76' title='bbox 315 1422 353 1475; x_wconf 90' lang='lat' dir='ltr'><strong>et</strong></span> <span class='ocrx_word' id='word_1_77' title='bbox 363 1421 488 1495; x_wconf 84' lang='lat' dir='ltr'><strong>aggesta</strong></span> <span class='ocrx_word' id='word_1_78' title='bbox 505 1415 724 1477; x_wconf 85' lang='lat' dir='ltr'><strong>contumulavit</strong></span> <span class='ocrx_word' id='word_1_79' title='bbox 739 1415 842 1476; x_wconf 89' lang='lat' dir='ltr'><strong>humo.</strong></span> 
     </span>
     <span class='ocr_line' id='line_1_15' title="bbox 162 1496 984 1578; baseline -0.002 -19"><span class='ocrx_word' id='word_1_80' title='bbox 162 1497 267 1559; x_wconf 77' lang='lat' dir='ltr'><strong>60ssa</strong></span> <span class='ocrx_word' id='word_1_81' title='bbox 280 1496 357 1558; x_wconf 89' lang='lat' dir='ltr'><strong>licet</strong></span> <span class='ocrx_word' id='word_1_82' title='bbox 375 1499 528 1578; x_wconf 89' lang='lat' dir='ltr'><strong>quondam</strong></span> <span class='ocrx_word' id='word_1_83' title='bbox 544 1499 683 1561; x_wconf 84' lang='lat' dir='ltr'><strong>defuncti</strong></span> <span class='ocrx_word' id='word_1_84' title='bbox 698 1519 759 1560; x_wconf 95' lang='lat' dir='ltr'><strong>non</strong></span> <span class='ocrx_word' id='word_1_85' title='bbox 776 1496 862 1576; x_wconf 81' lang='lat' dir='ltr'><strong>legat</strong></span> <span class='ocrx_word' id='word_1_86' title='bbox 874 1499 984 1558; x_wconf 86' lang='lat' dir='ltr'><strong>heres:</strong></span> 
     </span>
     <span class='ocr_line' id='line_1_16' title="bbox 227 1582 907 1664; baseline 0.007 -24"><span class='ocrx_word' id='word_1_87' title='bbox 227 1582 296 1641; x_wconf 86' lang='lat' dir='ltr'><strong>Hoc</strong></span> <span class='ocrx_word' id='word_1_88' title='bbox 311 1582 371 1640; x_wconf 89' lang='lat' dir='ltr'><strong>sibi</strong></span> <span class='ocrx_word' id='word_1_89' title='bbox 384 1584 444 1642; x_wconf 92' lang='lat' dir='ltr'><strong>iam</strong></span> <span class='ocrx_word' id='word_1_90' title='bbox 460 1582 572 1644; x_wconf 90' lang='lat' dir='ltr'><strong>Picens</strong></span> <span class='ocrx_word' id='word_1_91' title='bbox 587 1583 746 1664; x_wconf 90' lang='lat' dir='ltr'><strong>praestitit</strong></span> <span class='ocrx_word' id='word_1_92' title='bbox 763 1582 907 1645; x_wconf 87' lang='lat' dir='ltr'><strong>officium.</strong></span> 
     </span>
    </p>
   </div>
   <div class='ocr_carea' id='block_1_5' title="bbox 574 1692 677 1756">
    <p class='ocr_par' dir='ltr' id='par_1_6' title="bbox 574 1692 677 1756">
     <span class='ocr_line' id='line_1_17' title="bbox 574 1692 677 1756; baseline 0.01 -4"><span class='ocrx_word' id='word_1_93' title='bbox 574 1692 677 1756; x_wconf 86' lang='lat' dir='ltr'>LVIII.</span> 
     </span>
    </p>
   </div>
   <div class='ocr_carea' id='block_1_6' title="bbox 186 1782 1060 1945">
    <p class='ocr_par' dir='ltr' id='par_1_7' title="bbox 186 1782 1060 1945">
     <span class='ocr_line' id='line_1_18' title="bbox 186 1782 1060 1864; baseline -0.001 -19"><span class='ocrx_word' id='word_1_94' title='bbox 186 1785 263 1845; x_wconf 81' lang='lat' dir='ltr'><strong>(ium</strong></span> <span class='ocrx_word' id='word_1_95' title='bbox 277 1785 335 1844; x_wconf 85' lang='lat' dir='ltr'><strong>tibi</strong></span> <span class='ocrx_word' id='word_1_96' title='bbox 350 1790 412 1844; x_wconf 90' lang='lat' dir='ltr'><strong>tam</strong></span> <span class='ocrx_word' id='word_1_97' title='bbox 429 1801 550 1844; x_wconf 84' lang='lat' dir='ltr'><strong>crassae</strong></span> <span class='ocrx_word' id='word_1_98' title='bbox 564 1784 642 1860; x_wconf 80' lang='lat' dir='ltr'><strong>sint,</strong></span> <span class='ocrx_word' id='word_1_99' title='bbox 664 1782 881 1862; x_wconf 83' lang='lat' dir='ltr'><strong>Artemidoro,</strong></span> <span class='ocrx_word' id='word_1_100' title='bbox 897 1782 1060 1864; x_wconf 79' lang='lat' dir='ltr'><strong>lacernae,</strong></span> 
     </span>
     <span class='ocr_line' id='line_1_19' title="bbox 228 1867 850 1945; baseline 0.002 -19"><span class='ocrx_word' id='word_1_101' title='bbox 228 1867 349 1928; x_wconf 89' lang='lat' dir='ltr'><strong>Possim</strong></span> <span class='ocrx_word' id='word_1_102' title='bbox 363 1874 395 1928; x_wconf 93' lang='lat' dir='ltr'><strong>te</strong></span> <span class='ocrx_word' id='word_1_103' title='bbox 410 1867 550 1945; x_wconf 81' lang='lat' dir='ltr'><strong>Sagarim</strong></span> <span class='ocrx_word' id='word_1_104' title='bbox 563 1869 632 1928; x_wconf 89' lang='lat' dir='ltr'><strong>iure</strong></span> <span class='ocrx_word' id='word_1_105' title='bbox 646 1886 756 1928; x_wconf 90' lang='lat' dir='ltr'><strong>vocare</strong></span> <span class='ocrx_word' id='word_1_106' title='bbox 772 1885 850 1927; x_wconf 92' lang='lat' dir='ltr'><strong>meo.</strong></span> 
     </span>
    </p>
   </div>
   <div class='ocr_carea' id='block_1_7' title="bbox 578 1977 659 2042">
    <p class='ocr_par' dir='ltr' id='par_1_8' title="bbox 578 1977 696 2053">
     <span class='ocr_line' id='line_1_20' title="bbox 578 1977 659 2042; baseline -0.025 12"><span class='ocrx_word' id='word_1_107' title='bbox 578 1977 659 2042; x_wconf 75' lang='lat' dir='ltr'><strong>LIX·</strong></span> 
     </span>
    </p>
   </div>
   <div class='ocr_carea' id='block_1_8' title="bbox 143 2070 1041 3237">
    <p class='ocr_par' dir='ltr' id='par_1_9' title="bbox 143 2070 1041 3237">
     <span class='ocr_line' id='line_1_21' title="bbox 183 2070 928 2154; baseline -0.008 -20"><span class='ocrx_word' id='word_1_108' title='bbox 183 2073 306 2154; x_wconf 82' lang='lat' dir='ltr'><strong>Aspicis</strong></span> <span class='ocrx_word' id='word_1_109' title='bbox 320 2073 402 2132; x_wconf 89' lang='lat' dir='ltr'><strong>huno</strong></span> <span class='ocrx_word' id='word_1_110' title='bbox 419 2090 480 2131; x_wconf 94' lang='lat' dir='ltr'><strong>uno</strong></span> <span class='ocrx_word' id='word_1_111' title='bbox 495 2077 672 2131; x_wconf 93' lang='lat' dir='ltr'><strong>contentum</strong></span> <span class='ocrx_word' id='word_1_112' title='bbox 688 2070 821 2151; x_wconf 91' lang='lat' dir='ltr'><strong>lumine,</strong></span> <span class='ocrx_word' id='word_1_113' title='bbox 843 2072 928 2132; x_wconf 90' lang='lat' dir='ltr'><strong>cuius</strong></span> 
     </span>
     <span class='ocr_line' id='line_1_22' title="bbox 225 2154 886 2238; baseline -0.005 -21"><span class='ocrx_word' id='word_1_114' title='bbox 225 2156 324 2238; x_wconf 83' lang='lat' dir='ltr'><strong>Lippa</strong></span> <span class='ocrx_word' id='word_1_115' title='bbox 339 2156 394 2216; x_wconf 85' lang='lat' dir='ltr'><strong>sub</strong></span> <span class='ocrx_word' id='word_1_116' title='bbox 411 2156 518 2216; x_wconf 87' lang='lat' dir='ltr'><strong>attrita</strong></span> <span class='ocrx_word' id='word_1_117' title='bbox 532 2155 637 2216; x_wconf 87' lang='lat' dir='ltr'><strong>fronte</strong></span> <span class='ocrx_word' id='word_1_118' title='bbox 652 2154 761 2215; x_wconf 88' lang='lat' dir='ltr'><strong>lacuna</strong></span> <span class='ocrx_word' id='word_1_119' title='bbox 775 2155 886 2236; x_wconf 76' lang='lat' dir='ltr'><strong>patet‘i</strong></span> 
     </span>
     <span class='ocr_line' id='line_1_23' title="bbox 183 2236 929 2319; baseline -0.005 -17"><span class='ocrx_word' id='word_1_120' title='bbox 183 2240 230 2301; x_wconf 84' lang='lat' dir='ltr'><strong>No</strong></span> <span class='ocrx_word' id='word_1_121' title='bbox 247 2246 409 2301; x_wconf 90' lang='lat' dir='ltr'><strong>contemne</strong></span> <span class='ocrx_word' id='word_1_122' title='bbox 425 2245 531 2319; x_wconf 87' lang='lat' dir='ltr'><strong>caput,</strong></span> <span class='ocrx_word' id='word_1_123' title='bbox 550 2238 629 2299; x_wconf 90' lang='lat' dir='ltr'><strong>nihil</strong></span> <span class='ocrx_word' id='word_1_124' title='bbox 644 2245 692 2299; x_wconf 85' lang='lat' dir='ltr'><strong>est</strong></span> <span class='ocrx_word' id='word_1_125' title='bbox 706 2239 841 2299; x_wconf 84' lang='lat' dir='ltr'><strong>furacius</strong></span> <span class='ocrx_word' id='word_1_126' title='bbox 855 2236 929 2312; x_wconf 92' lang='lat' dir='ltr'><strong>illo;</strong></span> 
     </span>
     <span class='ocr_line' id='line_1_24' title="bbox 226 2321 891 2402; baseline -0.003 -18"><span class='ocrx_word' id='word_1_127' title='bbox 226 2322 295 2384; x_wconf 92' lang='lat' dir='ltr'><strong>Non</strong></span> <span class='ocrx_word' id='word_1_128' title='bbox 310 2325 369 2384; x_wconf 88' lang='lat' dir='ltr'><strong>fuit</strong></span> <span class='ocrx_word' id='word_1_129' title='bbox 379 2321 526 2401; x_wconf 84' lang='lat' dir='ltr'><strong>Autolyci</strong></span> <span class='ocrx_word' id='word_1_130' title='bbox 543 2328 604 2382; x_wconf 89' lang='lat' dir='ltr'><strong>tam</strong></span> <span class='ocrx_word' id='word_1_131' title='bbox 619 2323 760 2402; x_wconf 88' lang='lat' dir='ltr'><strong>piperata</strong></span> <span class='ocrx_word' id='word_1_132' title='bbox 776 2342 891 2383; x_wconf 90' lang='lat' dir='ltr'><strong>manus.</strong></span> 
     </span>
     <span class='ocr_line' id='line_1_25' title="bbox 163 2407 941 2469; baseline -0.008 0"><span class='ocrx_word' id='word_1_133' title='bbox 163 2407 277 2469; x_wconf 79' lang='lat' dir='ltr'><strong>6Hnnc</strong></span> <span class='ocrx_word' id='word_1_134' title='bbox 291 2414 325 2467; x_wconf 89' lang='lat' dir='ltr'><strong>tn</strong></span> <span class='ocrx_word' id='word_1_135' title='bbox 341 2407 495 2468; x_wconf 81' lang='lat' dir='ltr'><strong>convivam</strong></span> <span class='ocrx_word' id='word_1_136' title='bbox 511 2410 616 2465; x_wconf 89' lang='lat' dir='ltr'><strong>cautus</strong></span> <span class='ocrx_word' id='word_1_137' title='bbox 631 2424 755 2466; x_wconf 84' lang='lat' dir='ltr'><strong>servare</strong></span> <span class='ocrx_word' id='word_1_138' title='bbox 772 2411 941 2466; x_wconf 90' lang='lat' dir='ltr'><strong>memento:</strong></span> 
     </span>
     <span class='ocr_line' id='line_1_26' title="bbox 228 2486 1041 2570; baseline -0.005 -20"><span class='ocrx_word' id='word_1_139' title='bbox 228 2491 317 2551; x_wconf 86' lang='lat' dir='ltr'><strong>Tunc</strong></span> <span class='ocrx_word' id='word_1_140' title='bbox 331 2490 408 2550; x_wconf 86' lang='lat' dir='ltr'><strong>furit</strong></span> <span class='ocrx_word' id='word_1_141' title='bbox 423 2495 517 2568; x_wconf 89' lang='lat' dir='ltr'><strong>atque</strong></span> <span class='ocrx_word' id='word_1_142' title='bbox 532 2487 620 2548; x_wconf 92' lang='lat' dir='ltr'><strong>oculo</strong></span> <span class='ocrx_word' id='word_1_143' title='bbox 636 2486 740 2549; x_wconf 82' lang='lat' dir='ltr'><strong>luscus</strong></span> <span class='ocrx_word' id='word_1_144' title='bbox 759 2496 892 2570; x_wconf 84' lang='lat' dir='ltr'><strong>utroque</strong></span> <span class='ocrx_word' id='word_1_145' title='bbox 906 2486 1001 2550; x_wconf 90' lang='lat' dir='ltr'><strong>videt.</strong></span> <span class='ocrx_word' id='word_1_146' title='bbox 1039 2555 1041 2565; x_wconf 37' lang='grc' dir='ltr'>Ι</span> 
     </span>
     <span class='ocr_line' id='line_1_27' title="bbox 184 2568 926 2652; baseline -0.001 -20"><span class='ocrx_word' id='word_1_147' title='bbox 184 2571 301 2634; x_wconf 91' lang='lat' dir='ltr'><strong>Pocula</strong></span> <span class='ocrx_word' id='word_1_148' title='bbox 314 2572 440 2633; x_wconf 91' lang='lat' dir='ltr'><strong>solliciti</strong></span> <span class='ocrx_word' id='word_1_149' title='bbox 456 2571 592 2652; x_wconf 91' lang='lat' dir='ltr'><strong>perdunt</strong></span> <span class='ocrx_word' id='word_1_150' title='bbox 605 2568 778 2652; x_wconf 80' lang='lat' dir='ltr'><strong>ligulasque</strong></span> <span class='ocrx_word' id='word_1_151' title='bbox 792 2573 926 2633; x_wconf 85' lang='lat' dir='ltr'><strong>ministri</strong></span> 
     </span>
     <span class='ocr_line' id='line_1_28' title="bbox 226 2652 889 2736; baseline 0 -20"><span class='ocrx_word' id='word_1_152' title='bbox 226 2657 269 2716; x_wconf 77' lang='lat' dir='ltr'><strong>nt</strong></span> <span class='ocrx_word' id='word_1_153' title='bbox 282 2658 361 2719; x_wconf 89' lang='lat' dir='ltr'><strong>latet</strong></span> <span class='ocrx_word' id='word_1_154' title='bbox 372 2658 405 2715; x_wconf 91' lang='lat' dir='ltr'><strong>in</strong></span> <span class='ocrx_word' id='word_1_155' title='bbox 420 2654 526 2735; x_wconf 92' lang='lat' dir='ltr'><strong>tepido</strong></span> <span class='ocrx_word' id='word_1_156' title='bbox 541 2652 675 2734; x_wconf 91' lang='lat' dir='ltr'><strong>plurima</strong></span> <span class='ocrx_word' id='word_1_157' title='bbox 689 2675 798 2736; x_wconf 92' lang='lat' dir='ltr'><strong>mappa</strong></span> <span class='ocrx_word' id='word_1_158' title='bbox 813 2659 889 2718; x_wconf 87' lang='lat' dir='ltr'><strong>sinu.</strong></span> 
     </span>
     <span class='ocr_line' id='line_1_29' title="bbox 184 2737 922 2820; baseline -0.003 -20"><span class='ocrx_word' id='word_1_159' title='bbox 184 2740 285 2820; x_wconf 85' lang='lat' dir='ltr'><strong>Lapsa</strong></span> <span class='ocrx_word' id='word_1_160' title='bbox 297 2758 357 2799; x_wconf 89' lang='lat' dir='ltr'><strong>nec</strong></span> <span class='ocrx_word' id='word_1_161' title='bbox 374 2760 391 2800; x_wconf 90' lang='lat' dir='ltr'><strong>a</strong></span> <span class='ocrx_word' id='word_1_162' title='bbox 406 2741 509 2800; x_wconf 91' lang='lat' dir='ltr'><strong>cubito</strong></span> <span class='ocrx_word' id='word_1_163' title='bbox 526 2737 699 2798; x_wconf 87' lang='lat' dir='ltr'><strong>subduccre</strong></span> <span class='ocrx_word' id='word_1_164' title='bbox 714 2739 806 2819; x_wconf 92' lang='lat' dir='ltr'><strong>pallia</strong></span> <span class='ocrx_word' id='word_1_165' title='bbox 821 2741 922 2801; x_wconf 90' lang='lat' dir='ltr'><strong>nescit</strong></span> 
     </span>
     <span class='ocr_line' id='line_1_30' title="bbox 143 2820 824 2903; baseline -0.003 -16"><span class='ocrx_word' id='word_1_166' title='bbox 143 2832 178 2887; x_wconf 88' lang='lat'><strong>10</strong></span> <span class='ocrx_word' id='word_1_167' title='bbox 226 2824 268 2885; x_wconf 81' lang='lat' dir='ltr'><strong>lat</strong></span> <span class='ocrx_word' id='word_1_168' title='bbox 283 2828 384 2882; x_wconf 84' lang='lat' dir='ltr'><strong>tectus</strong></span> <span class='ocrx_word' id='word_1_169' title='bbox 395 2821 495 2883; x_wconf 83' lang='lat' dir='ltr'><strong>laonia</strong></span> <span class='ocrx_word' id='word_1_170' title='bbox 508 2841 601 2903; x_wconf 86' lang='lat' dir='ltr'><strong>saepe</strong></span> <span class='ocrx_word' id='word_1_171' title='bbox 620 2820 735 2881; x_wconf 92' lang='lat' dir='ltr'><strong>duabus</strong></span> <span class='ocrx_word' id='word_1_172' title='bbox 750 2824 824 2886; x_wconf 90' lang='lat' dir='ltr'><strong>abit.</strong></span> 
     </span>
     <span class='ocr_line' id='line_1_31' title="bbox 185 2904 1040 2968; baseline -0.005 0"><span class='ocrx_word' id='word_1_173' title='bbox 185 2908 251 2968; x_wconf 86' lang='lat' dir='ltr'><strong>Nec</strong></span> <span class='ocrx_word' id='word_1_174' title='bbox 266 2904 483 2965; x_wconf 85' lang='lat' dir='ltr'><strong>dormitantem</strong></span> <span class='ocrx_word' id='word_1_175' title='bbox 494 2926 620 2966; x_wconf 88' lang='lat' dir='ltr'><strong>vernam</strong></span> <span class='ocrx_word' id='word_1_176' title='bbox 634 2905 779 2966; x_wconf 90' lang='lat' dir='ltr'><strong>fraudare</strong></span> <span class='ocrx_word' id='word_1_177' title='bbox 792 2904 920 2967; x_wconf 90' lang='lat' dir='ltr'><strong>lucerna</strong></span> <span class='ocrx_word' id='word_1_178' title='bbox 1035 2944 1040 2956; x_wconf 82' lang='lat'><strong>·</strong></span> 
     </span>
     <span class='ocr_line' id='line_1_32' title="bbox 226 2987 784 3067; baseline -0.004 -15"><span class='ocrx_word' id='word_1_179' title='bbox 226 2990 360 3052; x_wconf 78' lang='lat' dir='ltr'><strong>Erubuit</strong></span> <span class='ocrx_word' id='word_1_180' title='bbox 374 2987 485 3067; x_wconf 80' lang='lat' dir='ltr'><strong>fallax,</strong></span> <span class='ocrx_word' id='word_1_181' title='bbox 508 2989 616 3050; x_wconf 88' lang='lat' dir='ltr'><strong>ardeat</strong></span> <span class='ocrx_word' id='word_1_182' title='bbox 630 2988 687 3049; x_wconf 91' lang='lat' dir='ltr'><strong>illa</strong></span> <span class='ocrx_word' id='word_1_183' title='bbox 699 2988 784 3051; x_wconf 85' lang='lat' dir='ltr'><strong>licet.</strong></span> 
     </span>
     <span class='ocr_line' id='line_1_33' title="bbox 186 3070 904 3152; baseline -0.006 -16"><span class='ocrx_word' id='word_1_184' title='bbox 186 3073 220 3136; x_wconf 85' lang='lat' dir='ltr'><strong>si</strong></span> <span class='ocrx_word' id='word_1_185' title='bbox 236 3071 315 3134; x_wconf 89' lang='lat' dir='ltr'><strong>nihil</strong></span> <span class='ocrx_word' id='word_1_186' title='bbox 329 3073 456 3147; x_wconf 81' lang='lat' dir='ltr'><strong>invasit,</strong></span> <span class='ocrx_word' id='word_1_187' title='bbox 478 3091 608 3152; x_wconf 89' lang='lat' dir='ltr'><strong>puerum</strong></span> <span class='ocrx_word' id='word_1_188' title='bbox 624 3079 698 3134; x_wconf 87' lang='lat' dir='ltr'><strong>tunc</strong></span> <span class='ocrx_word' id='word_1_189' title='bbox 715 3080 782 3133; x_wconf 89' lang='lat' dir='ltr'><strong>arte</strong></span> <span class='ocrx_word' id='word_1_190' title='bbox 799 3070 904 3134; x_wconf 81' lang='lat' dir='ltr'><strong>dolosa</strong></span> 
     </span>
     <span class='ocr_line' id='line_1_34' title="bbox 227 3152 828 3237; baseline -0.003 -18"><span class='ocrx_word' id='word_1_191' title='bbox 227 3157 347 3219; x_wconf 78' lang='lat' dir='ltr'><strong>(iircnit</strong></span> <span class='ocrx_word' id='word_1_192' title='bbox 363 3161 396 3216; x_wconf 90' lang='lat' dir='ltr'><strong>et</strong></span> <span class='ocrx_word' id='word_1_193' title='bbox 411 3152 512 3215; x_wconf 90' lang='lat' dir='ltr'><strong>soleas</strong></span> <span class='ocrx_word' id='word_1_194' title='bbox 526 3158 655 3237; x_wconf 88' lang='lat' dir='ltr'><strong>surripit</strong></span> <span class='ocrx_word' id='word_1_195' title='bbox 667 3159 735 3237; x_wconf 90' lang='lat' dir='ltr'><strong>ipse</strong></span> <span class='ocrx_word' id='word_1_196' title='bbox 750 3177 828 3218; x_wconf 90' lang='lat' dir='ltr'><strong>suas.</strong></span> 
     </span>
    </p>
   </div>
   <div class='ocr_carea' id='block_1_9' title="bbox 588 3267 652 3329">
    <p class='ocr_par' dir='ltr' id='par_1_10' title="bbox 588 3267 652 3329">
     <span class='ocr_line' id='line_1_35' title="bbox 588 3267 652 3329; baseline 0.031 -2"><span class='ocrx_word' id='word_1_197' title='bbox 588 3267 652 3329; x_wconf 80' lang='lat' dir='ltr'><strong>Lx.</strong></span> 
     </span>
    </p>
   </div>
   <div class='ocr_carea' id='block_1_10' title="bbox 186 3361 945 3535">
    <p class='ocr_par' dir='ltr' id='par_1_11' title="bbox 186 3361 945 3535">
     <span class='ocr_line' id='line_1_36' title="bbox 186 3361 894 3448; baseline -0.014 -18"><span class='ocrx_word' id='word_1_198' title='bbox 186 3367 309 3430; x_wconf 86' lang='lat' dir='ltr'><strong>Summa</strong></span> <span class='ocrx_word' id='word_1_199' title='bbox 321 3364 456 3430; x_wconf 87' lang='lat' dir='ltr'><strong>Palatini</strong></span> <span class='ocrx_word' id='word_1_200' title='bbox 468 3372 594 3448; x_wconf 86' lang='lat' dir='ltr'><strong>poteras</strong></span> <span class='ocrx_word' id='word_1_201' title='bbox 609 3383 741 3444; x_wconf 87' lang='lat' dir='ltr'><strong>aequare</strong></span> <span class='ocrx_word' id='word_1_202' title='bbox 757 3361 894 3440; x_wconf 78' lang='lat' dir='ltr'><strong>Colossi,</strong></span> 
     </span>
     <span class='ocr_line' id='line_1_37' title="bbox 217 3443 945 3535; baseline -0.01 -23"><span class='ocrx_word' id='word_1_203' title='bbox 217 3452 258 3512; x_wconf 61' lang='grc' dir='ltr'>δι’</span> <span class='ocrx_word' id='word_1_204' title='bbox 267 3453 367 3516; x_wconf 76' lang='lat' dir='ltr'><strong>aeras</strong></span> <span class='ocrx_word' id='word_1_205' title='bbox 382 3453 523 3535; x_wconf 81' lang='lat' dir='ltr'><strong>brevior,</strong></span> <span class='ocrx_word' id='word_1_206' title='bbox 547 3447 697 3529; x_wconf 71' lang='lat' dir='ltr'><strong>Claudia,</strong></span> <span class='ocrx_word' id='word_1_207' title='bbox 716 3443 945 3527; x_wconf 72' lang='lat' dir='ltr'><strong>sesquipedem.</strong></span> 
     </span>
    </p>
   </div>
   <div class='ocr_carea' id='block_1_11' title="bbox 0 0 1190 3840">
    <p class='ocr_par' dir='ltr' id='par_1_12' title="bbox 0 0 1190 3840">
     <span class='ocr_line' id='line_1_38' title="bbox 0 0 1190 3840; baseline 0 0"><span class='ocrx_word' id='word_1_208' title='bbox 0 0 1190 3840; x_wconf 95' lang='lat' dir='ltr'><strong> </strong></span> 
     </span>
    </p>
   </div>
  </div>
 </body>
</html>
