2370 3840
318 190 658 253 EPIGRAMMATON
672 192 746 254 uu.
763 194 799 255 ll.
1039 195 1079 260 55

495 392 616 454 LXVII.

117 507 267 570 Occurris
282 525 466 588 quocunque
480 505 551 566 loco
566 507 659 584 mihi,
680 507 843 588 Postume,
866 509 977 573 clamas

159 592 310 653 Protinus
330 599 363 652 et
377 593 477 672 prima
490 597 539 651 est
552 592 629 651 haec
644 598 696 650 tua
711 612 769 653 vox
783 593 888 671 „Quid
901 597 1010 676 aglsl“

115 677 203 755 lloc,
225 679 254 737 sl
267 696 318 737 me
333 675 460 737 deciens
472 694 533 735 una
548 677 731 735 conveneris
745 677 838 756 hora,

15 812 19 820 .
99 811 103 817 .
158 761 262 821 Dicis:
284 762 381 821 haber
395 766 470 841 puto
484 766 537 838 tu,
555 759 718 838 Postume,
740 759 787 820 nil
802 761 886 841 quod
902 781 982 842 agas.

482 894 615 957 LXVIII.

117 1004 208 1082 Quod
223 1012 257 1066 te
271 1005 397 1064 nominc
411 1006 471 1065 iam
485 1011 538 1065 tuo
557 1003 675 1085 saluto,

116 1090 216 1166 Quem
230 1107 338 1168 regem
353 1095 387 1148 et
401 1087 557 1149 dominum
573 1091 660 1170 prius
674 1092 836 1169 vocabam,

115 1173 164 1234 Ne
177 1192 227 1234 me
243 1171 360 1233 dixeris
377 1191 447 1234 csse
462 1180 689 1234 contumacem:

116 1257 208 1318 Totis
224 1256 310 1339 pilea
325 1258 454 1317 sarcinis
468 1257 598 1319 redemi.

93 1341 221 1421 5Reges
236 1349 270 1403 et
284 1340 424 1401 dominos
438 1342 555 1401 hahere
573 1340 668 1401 debet

117 1426 177 1502 Qui
191 1445 227 1486 se
242 1426 429 1503 nonhabet,
452 1432 545 1505 atque
562 1425 753 1504 concupiscit

116 1509 207 1586 Quod
222 1529 314 1590 reges
330 1508 507 1588 dominique
523 1509 752 1588 concupiscunt.

116 1593 248 1654 Servum
264 1597 290 1654 si
305 1601 413 1674 potes,
439 1592 514 1672 01e,
534 1612 597 1653 non
611 1594 745 1670 habere,

113 1677 156 1738 lot
168 1697 277 1757 regem
291 1684 399 1759 potes,
423 1675 483 1738 Ole
497 1697 559 1738 non
573 1678 701 1738 habere.

114 1923 248 1984 ludtum
263 1940 376 1984 cenare
389 1924 468 1984 foris
482 1931 532 2004 te,
555 1924 710 2003 Glassice,
732 1923 827 1984 dicis:

157 2006 272 2067 Sinon
285 2009 444 2087 mentiris,
467 2007 623 2087 Classico,
646 2009 830 2088 dispeream.

10 2096 16 2107 '
113 2091 184 2171 lpse
201 2109 325 2171 quoque
342 2091 380 2152 ad
395 2111 502 2152 cenam
516 2092 669 2171 gaudebat
683 2092 811 2172 Apicius
824 2092 887 2151 iret

157 2175 237 2236 cum
251 2182 381 2236 cenaret
395 2184 462 2236 erat
477 2178 600 2237 tristior
615 2174 688 2253 ille,
709 2175 801 2235 domi.

92 2258 150 2320 osi
163 2265 270 2320 tumen
282 2260 397 2321 invitus
413 2259 515 2339 rudis,
539 2280 610 2338 cur,
633 2258 788 2336 Classice,
808 2255 917 2317 radis?

157 2343 307 2422 „Cogor“
324 2344 387 2403 uis:
410 2362 517 2405 verum
533 2352 599 2420 est;
622 2345 745 2422 cogitur
759 2347 792 2402 et
808 2340 920 2402 Selius.

113 2427 163 2488 Eu
176 2433 266 2506 rogat
280 2426 320 2488 ud
335 2446 442 2488 cenam
454 2428 571 2489 Melior
585 2435 636 2506 te,
660 2427 813 2505 Classico,
835 2431 961 2487 rectam.

156 2510 296 2572 Grandia
306 2513 401 2572 rerba
417 2514 469 2573 ubi
484 2514 579 2574 sunt?
601 2514 627 2573 si
642 2514 689 2573 vir
704 2530 755 2591 es,
778 2528 868 2588 ecce,
890 2526 976 2589 nega.

505 2648 598 2708 Lxx.

111 2756 183 2817 Non
195 2757 241 2817 vis
256 2758 289 2817 in
306 2756 384 2818 solio
398 2760 485 2838 prius
498 2757 595 2819 lavari

112 2841 311 2921 Queuquam,
334 2842 452 2902 cotila:
475 2862 565 2903 causa
578 2860 673 2921 quae,
694 2841 755 2900 uisi
767 2840 846 2901 hoco
861 2846 925 2919 est,

112 2922 214 2986 Undis
228 2945 269 2986 ne
283 2926 417 2987 fovearis
430 2926 609 2987 irrumatis?

112 3007 236 3069 Primus
251 3016 284 3070 te
296 3008 374 3071 licet
388 3009 508 3084 abluas:
522 3028 652 3071 necesse
671 3015 720 3069 est

111 3093 196 3153 Ante
212 3094 264 3155 hic
282 3094 434 3173 mentula,
456 3115 545 3174 quam
559 3099 665 3175 caput,
686 3090 817 3154 lavetur.

496 3228 602 3289 LXXI.

113 3335 284 3408 Candidius
298 3346 378 3409 nihil
392 3354 441 3410 est
456 3355 506 3427 te,
529 3345 721 3410 caeciliane:
740 3347 861 3422 noted,

155 3429 189 3490 Si
204 3431 326 3511 quando
342 3452 380 3494 ex
393 3434 509 3494 nostris
525 3432 657 3492 disticha
670 3450 767 3512 pauca
781 3429 870 3511 lego,
