<?xml version="1.0" encoding="UTF-8"?>
<!DOCTYPE html PUBLIC "-//W3C//DTD XHTML 1.0 Transitional//EN"
    "http://www.w3.org/TR/xhtml1/DTD/xhtml1-transitional.dtd">
<html xmlns="http://www.w3.org/1999/xhtml" xml:lang="en" lang="en">
 <head>
  <title>
</title>
<meta http-equiv="Content-Type" content="text/html;charset=utf-8" />
  <meta name='ocr-system' content='tesseract 3.04.00' />
  <meta name='ocr-capabilities' content='ocr_page ocr_carea ocr_par ocr_line ocrx_word'/>
</head>
<body>
  <div class='ocr_page' id='page_1' title='image "./epigrammatonlib00schngoog_0228.png"; bbox 0 0 2370 3840; ppageno 0'>
   <div class='ocr_carea' id='block_1_1' title="bbox 310 209 1084 277">
    <p class='ocr_par' dir='ltr' id='par_1_1' title="bbox 310 209 1084 277">
     <span class='ocr_line' id='line_1_1' title="bbox 310 209 1084 277; baseline 0.004 -5"><span class='ocrx_word' id='word_1_1' title='bbox 310 209 805 277; x_wconf 75' lang='lat' dir='ltr'>EPIGRAMMATONLffl.1x.</span> <span class='ocrx_word' id='word_1_2' title='bbox 1020 212 1084 277; x_wconf 75' lang='lat'><strong>21⁹</strong></span> 
     </span>
    </p>
   </div>
   <div class='ocr_carea' id='block_1_2' title="bbox 491 413 627 476">
    <p class='ocr_par' dir='ltr' id='par_1_2' title="bbox 491 413 627 476">
     <span class='ocr_line' id='line_1_2' title="bbox 491 413 627 476; baseline 0.022 -3"><span class='ocrx_word' id='word_1_3' title='bbox 491 413 627 476; x_wconf 84' lang='lat' dir='ltr'>LXXVI.</span> 
     </span>
    </p>
   </div>
   <div class='ocr_carea' id='block_1_3' title="bbox 83 525 923 1361">
    <p class='ocr_par' dir='ltr' id='par_1_3' title="bbox 83 525 923 1361">
     <span class='ocr_line' id='line_1_3' title="bbox 126 525 915 607; baseline 0.004 -22"><span class='ocrx_word' id='word_1_4' title='bbox 126 525 213 585; x_wconf 87' lang='lat' dir='ltr'><strong>Haec</strong></span> <span class='ocrx_word' id='word_1_5' title='bbox 227 525 367 588; x_wconf 76' lang='lat' dir='ltr'><strong>moilla</strong></span> <span class='ocrx_word' id='word_1_6' title='bbox 384 529 446 588; x_wconf 91' lang='lat' dir='ltr'><strong>mei</strong></span> <span class='ocrx_word' id='word_1_7' title='bbox 466 547 543 607; x_wconf 87' lang='lat' dir='ltr'><strong>quae</strong></span> <span class='ocrx_word' id='word_1_8' title='bbox 559 529 687 587; x_wconf 79' lang='lat' dir='ltr'>cernitis</span> <span class='ocrx_word' id='word_1_9' title='bbox 702 547 756 587; x_wconf 88' lang='lat' dir='ltr'><strong>ora</strong></span> <span class='ocrx_word' id='word_1_10' title='bbox 771 529 915 607; x_wconf 73' lang='lat' dir='ltr'><strong>Camoni,</strong></span> 
     </span>
     <span class='ocr_line' id='line_1_4' title="bbox 168 610 841 692; baseline 0.007 -24"><span class='ocrx_word' id='word_1_11' title='bbox 168 610 255 670; x_wconf 88' lang='lat' dir='ltr'><strong>llaec</strong></span> <span class='ocrx_word' id='word_1_12' title='bbox 268 612 360 690; x_wconf 90' lang='lat' dir='ltr'><strong>pueri</strong></span> <span class='ocrx_word' id='word_1_13' title='bbox 372 612 468 671; x_wconf 85' lang='lat' dir='ltr'><strong>iacies</strong></span> <span class='ocrx_word' id='word_1_14' title='bbox 482 614 643 692; x_wconf 88' lang='lat' dir='ltr'><strong>primaque</strong></span> <span class='ocrx_word' id='word_1_15' title='bbox 658 612 758 671; x_wconf 84' lang='lat' dir='ltr'><strong>forma</strong></span> <span class='ocrx_word' id='word_1_16' title='bbox 771 612 841 673; x_wconf 84' lang='lat' dir='ltr'><strong>fuit.</strong></span> 
     </span>
     <span class='ocr_line' id='line_1_5' title="bbox 127 694 856 756; baseline 0.003 -4"><span class='ocrx_word' id='word_1_17' title='bbox 127 694 278 754; x_wconf 77' lang='lat' dir='ltr'><strong>Creverat</strong></span> <span class='ocrx_word' id='word_1_18' title='bbox 290 696 342 755; x_wconf 91' lang='lat' dir='ltr'><strong>hic</strong></span> <span class='ocrx_word' id='word_1_19' title='bbox 356 696 455 756; x_wconf 80' lang='lat' dir='ltr'><strong>voltur</strong></span> <span class='ocrx_word' id='word_1_20' title='bbox 470 697 518 756; x_wconf 91' lang='lat' dir='ltr'><strong>bis</strong></span> <span class='ocrx_word' id='word_1_21' title='bbox 535 696 625 755; x_wconf 90' lang='lat' dir='ltr'><strong>denis</strong></span> <span class='ocrx_word' id='word_1_22' title='bbox 640 696 753 755; x_wconf 83' lang='lat' dir='ltr'><strong>fortior</strong></span> <span class='ocrx_word' id='word_1_23' title='bbox 768 696 856 754; x_wconf 87' lang='lat' dir='ltr'><strong>anuis</strong></span> 
     </span>
     <span class='ocr_line' id='line_1_6' title="bbox 169 777 853 860; baseline 0.004 -24"><span class='ocrx_word' id='word_1_24' title='bbox 169 777 392 859; x_wconf 77' lang='lat' dir='ltr'><strong>Gaudebatque</strong></span> <span class='ocrx_word' id='word_1_25' title='bbox 403 799 473 840; x_wconf 88' lang='lat' dir='ltr'><strong>suas</strong></span> <span class='ocrx_word' id='word_1_26' title='bbox 487 781 618 860; x_wconf 82' lang='lat' dir='ltr'>pingere</span> <span class='ocrx_word' id='word_1_27' title='bbox 633 781 728 840; x_wconf 86' lang='lat' dir='ltr'><strong>barba</strong></span> <span class='ocrx_word' id='word_1_28' title='bbox 743 797 853 858; x_wconf 82' lang='lat' dir='ltr'><strong>genas,</strong></span> 
     </span>
     <span class='ocr_line' id='line_1_7' title="bbox 104 860 923 943; baseline 0 -21"><span class='ocrx_word' id='word_1_29' title='bbox 104 861 166 922; x_wconf 72' lang='lat' dir='ltr'><strong>alst</strong></span> <span class='ocrx_word' id='word_1_30' title='bbox 179 860 275 921; x_wconf 88' lang='lat' dir='ltr'><strong>libata</strong></span> <span class='ocrx_word' id='word_1_31' title='bbox 288 862 387 924; x_wconf 90' lang='lat' dir='ltr'><strong>semel</strong></span> <span class='ocrx_word' id='word_1_32' title='bbox 401 883 533 924; x_wconf 88' lang='lat' dir='ltr'><strong>summos</strong></span> <span class='ocrx_word' id='word_1_33' title='bbox 547 863 638 924; x_wconf 93' lang='lat' dir='ltr'><strong>modo</strong></span> <span class='ocrx_word' id='word_1_34' title='bbox 655 882 791 943; x_wconf 81' lang='lat' dir='ltr'>purpura</span> <span class='ocrx_word' id='word_1_35' title='bbox 806 860 923 923; x_wconf 83' lang='lat' dir='ltr'><strong>cultroa</strong></span> 
     </span>
     <span class='ocr_line' id='line_1_8' title="bbox 169 944 830 1025; baseline 0.005 -22"><span class='ocrx_word' id='word_1_36' title='bbox 169 944 341 1025; x_wconf 86' lang='lat' dir='ltr'><strong>Sparserat.</strong></span> <span class='ocrx_word' id='word_1_37' title='bbox 369 948 481 1008; x_wconf 80' lang='lat' dir='ltr'><strong>Invidit</strong></span> <span class='ocrx_word' id='word_1_38' title='bbox 495 947 534 1009; x_wconf 92' lang='lat' dir='ltr'><strong>de</strong></span> <span class='ocrx_word' id='word_1_39' title='bbox 553 950 652 1008; x_wconf 86' lang='lat' dir='ltr'><strong>tribus</strong></span> <span class='ocrx_word' id='word_1_40' title='bbox 666 967 726 1008; x_wconf 91' lang='lat' dir='ltr'><strong>una</strong></span> <span class='ocrx_word' id='word_1_41' title='bbox 740 967 830 1007; x_wconf 87' lang='lat' dir='ltr'><strong>soror</strong></span> 
     </span>
     <span class='ocr_line' id='line_1_9' title="bbox 125 1028 738 1112; baseline 0.003 -24"><span class='ocrx_word' id='word_1_42' title='bbox 125 1028 167 1089; x_wconf 81' lang='lat' dir='ltr'><strong>Et</strong></span> <span class='ocrx_word' id='word_1_43' title='bbox 177 1028 332 1091; x_wconf 86' lang='lat' dir='ltr'><strong>festinatis</strong></span> <span class='ocrx_word' id='word_1_44' title='bbox 346 1030 457 1091; x_wconf 81' lang='lat' dir='ltr'><strong>incidit</strong></span> <span class='ocrx_word' id='word_1_45' title='bbox 473 1034 602 1093; x_wconf 86' lang='lat' dir='ltr'><strong>stamina</strong></span> <span class='ocrx_word' id='word_1_46' title='bbox 615 1033 738 1112; x_wconf 88' lang='lat' dir='ltr'><strong>pensis,</strong></span> 
     </span>
     <span class='ocr_line' id='line_1_10' title="bbox 168 1114 859 1195; baseline 0.003 -23"><span class='ocrx_word' id='word_1_47' title='bbox 168 1114 400 1194; x_wconf 81' lang='lat' dir='ltr'><strong>Absentemque</strong></span> <span class='ocrx_word' id='word_1_48' title='bbox 414 1117 496 1195; x_wconf 88' lang='lat' dir='ltr'><strong>patri</strong></span> <span class='ocrx_word' id='word_1_49' title='bbox 511 1114 636 1176; x_wconf 87' lang='lat' dir='ltr'><strong>rettulit</strong></span> <span class='ocrx_word' id='word_1_50' title='bbox 651 1135 729 1175; x_wconf 87' lang='lat' dir='ltr'><strong>urna</strong></span> <span class='ocrx_word' id='word_1_51' title='bbox 743 1133 859 1193; x_wconf 79' lang='lat' dir='ltr'><strong>rogum.</strong></span> 
     </span>
     <span class='ocr_line' id='line_1_11' title="bbox 125 1195 896 1280; baseline 0.003 -24"><span class='ocrx_word' id='word_1_52' title='bbox 125 1195 189 1256; x_wconf 86' lang='lat' dir='ltr'><strong>Sed</strong></span> <span class='ocrx_word' id='word_1_53' title='bbox 203 1215 243 1256; x_wconf 89' lang='lat' dir='ltr'><strong>ne</strong></span> <span class='ocrx_word' id='word_1_54' title='bbox 258 1197 324 1258; x_wconf 84' lang='lat' dir='ltr'><strong>aola</strong></span> <span class='ocrx_word' id='word_1_55' title='bbox 337 1206 441 1259; x_wconf 89' lang='lat' dir='ltr'><strong>tamen</strong></span> <span class='ocrx_word' id='word_1_56' title='bbox 455 1218 585 1279; x_wconf 89' lang='lat' dir='ltr'><strong>puerum</strong></span> <span class='ocrx_word' id='word_1_57' title='bbox 598 1202 719 1280; x_wconf 86' lang='lat' dir='ltr'><strong>pictura</strong></span> <span class='ocrx_word' id='word_1_58' title='bbox 732 1197 896 1278; x_wconf 88' lang='lat' dir='ltr'><strong>loquatur,</strong></span> 
     </span>
     <span class='ocr_line' id='line_1_12' title="bbox 83 1279 826 1361; baseline 0.003 -20"><span class='ocrx_word' id='word_1_59' title='bbox 83 1289 119 1343; x_wconf 87' lang='lat' dir='ltr'><strong>lo</strong></span> <span class='ocrx_word' id='word_1_60' title='bbox 164 1279 251 1341; x_wconf 80' lang='lat' dir='ltr'><strong>llaec</strong></span> <span class='ocrx_word' id='word_1_61' title='bbox 265 1285 327 1342; x_wconf 91' lang='lat' dir='ltr'><strong>erit</strong></span> <span class='ocrx_word' id='word_1_62' title='bbox 338 1284 371 1342; x_wconf 92' lang='lat' dir='ltr'><strong>in</strong></span> <span class='ocrx_word' id='word_1_63' title='bbox 386 1284 501 1342; x_wconf 87' lang='lat' dir='ltr'><strong>chartis</strong></span> <span class='ocrx_word' id='word_1_64' title='bbox 516 1286 613 1343; x_wconf 87' lang='lat' dir='ltr'><strong>maior</strong></span> <span class='ocrx_word' id='word_1_65' title='bbox 625 1285 725 1361; x_wconf 79' lang='lat' dir='ltr'><strong>imago</strong></span> <span class='ocrx_word' id='word_1_66' title='bbox 741 1283 826 1343; x_wconf 88' lang='lat' dir='ltr'><strong>meis.</strong></span> 
     </span>
    </p>
   </div>
   <div class='ocr_carea' id='block_1_4' title="bbox 487 1415 636 1478">
    <p class='ocr_par' dir='ltr' id='par_1_4' title="bbox 487 1415 636 1478">
     <span class='ocr_line' id='line_1_13' title="bbox 487 1415 636 1478; baseline 0 -2"><span class='ocrx_word' id='word_1_67' title='bbox 487 1415 636 1478; x_wconf 87' lang='lat' dir='ltr'>LXXVII.</span> 
     </span>
    </p>
   </div>
   <div class='ocr_carea' id='block_1_5' title="bbox 105 1524 805 2022">
    <p class='ocr_par' dir='ltr' id='par_1_5' title="bbox 126 1524 766 1689">
     <span class='ocr_line' id='line_1_14' title="bbox 126 1524 766 1606; baseline 0.003 -23"><span class='ocrx_word' id='word_1_68' title='bbox 126 1524 216 1602; x_wconf 79' lang='lat' dir='ltr'><strong>Quod</strong></span> <span class='ocrx_word' id='word_1_69' title='bbox 230 1525 377 1604; x_wconf 90' lang='lat' dir='ltr'><strong>optimum</strong></span> <span class='ocrx_word' id='word_1_70' title='bbox 392 1526 432 1584; x_wconf 89' lang='lat' dir='ltr'><strong>sit</strong></span> <span class='ocrx_word' id='word_1_71' title='bbox 447 1524 583 1606; x_wconf 87' lang='lat' dir='ltr'><strong>disputat</strong></span> <span class='ocrx_word' id='word_1_72' title='bbox 597 1527 766 1586; x_wconf 76' lang='lat' dir='ltr'><strong>convivium</strong></span> 
     </span>
     <span class='ocr_line' id='line_1_15' title="bbox 166 1607 570 1689; baseline -0.005 -18"><span class='ocrx_word' id='word_1_73' title='bbox 166 1607 313 1671; x_wconf 82' lang='lat' dir='ltr'><strong>Facunda</strong></span> <span class='ocrx_word' id='word_1_74' title='bbox 327 1609 429 1668; x_wconf 80' lang='lat' dir='ltr'><strong>Prisci</strong></span> <span class='ocrx_word' id='word_1_75' title='bbox 443 1610 570 1689; x_wconf 81' lang='lat' dir='ltr'><strong>pagina,</strong></span> 
     </span>
    </p>

    <p class='ocr_par' dir='ltr' id='par_1_6' title="bbox 126 1690 777 1857">
     <span class='ocr_line' id='line_1_16' title="bbox 126 1690 777 1772; baseline 0.002 -19"><span class='ocrx_word' id='word_1_76' title='bbox 126 1693 167 1753; x_wconf 81' lang='lat' dir='ltr'><strong>Et</strong></span> <span class='ocrx_word' id='word_1_77' title='bbox 180 1692 275 1752; x_wconf 88' lang='lat' dir='ltr'><strong>multa</strong></span> <span class='ocrx_word' id='word_1_78' title='bbox 289 1690 390 1768; x_wconf 86' lang='lat' dir='ltr'><strong>dulci,</strong></span> <span class='ocrx_word' id='word_1_79' title='bbox 411 1692 507 1752; x_wconf 88' lang='lat' dir='ltr'><strong>multa</strong></span> <span class='ocrx_word' id='word_1_80' title='bbox 521 1691 646 1753; x_wconf 81' lang='lat' dir='ltr'><strong>sublimi</strong></span> <span class='ocrx_word' id='word_1_81' title='bbox 659 1694 777 1772; x_wconf 81' lang='lat' dir='ltr'><strong>refert,</strong></span> 
     </span>
     <span class='ocr_line' id='line_1_17' title="bbox 169 1775 615 1857; baseline 0.002 -21"><span class='ocrx_word' id='word_1_82' title='bbox 169 1775 231 1836; x_wconf 89' lang='lat' dir='ltr'><strong>Sed</strong></span> <span class='ocrx_word' id='word_1_83' title='bbox 246 1783 355 1836; x_wconf 86' lang='lat' dir='ltr'><strong>cuncta</strong></span> <span class='ocrx_word' id='word_1_84' title='bbox 370 1775 461 1836; x_wconf 88' lang='lat' dir='ltr'><strong>docto</strong></span> <span class='ocrx_word' id='word_1_85' title='bbox 476 1783 615 1857; x_wconf 92' lang='lat' dir='ltr'><strong>pectore.</strong></span> 
     </span>
    </p>

    <p class='ocr_par' dir='ltr' id='par_1_7' title="bbox 105 1859 805 2022">
     <span class='ocr_line' id='line_1_18' title="bbox 105 1859 805 1940; baseline -0.006 -17"><span class='ocrx_word' id='word_1_86' title='bbox 105 1859 219 1937; x_wconf 73' lang='lat' dir='ltr'><strong>5Quod</strong></span> <span class='ocrx_word' id='word_1_87' title='bbox 232 1861 380 1940; x_wconf 90' lang='lat' dir='ltr'><strong>optimum</strong></span> <span class='ocrx_word' id='word_1_88' title='bbox 394 1861 436 1921; x_wconf 92' lang='lat' dir='ltr'><strong>sit</strong></span> <span class='ocrx_word' id='word_1_89' title='bbox 450 1862 598 1940; x_wconf 79' lang='lat' dir='ltr'><strong>quaeritis</strong></span> <span class='ocrx_word' id='word_1_90' title='bbox 613 1861 805 1921; x_wconf 71' lang='lat' dir='ltr'><strong>convivium?</strong></span> 
     </span>
     <span class='ocr_line' id='line_1_19' title="bbox 168 1942 615 2022; baseline 0 -17"><span class='ocrx_word' id='word_1_91' title='bbox 168 1944 203 2005; x_wconf 86' lang='lat' dir='ltr'><strong>lu</strong></span> <span class='ocrx_word' id='word_1_92' title='bbox 217 1963 276 2022; x_wconf 94' lang='lat' dir='ltr'><strong>quo</strong></span> <span class='ocrx_word' id='word_1_93' title='bbox 292 1942 455 2004; x_wconf 84' lang='lat' dir='ltr'><strong>choraules</strong></span> <span class='ocrx_word' id='word_1_94' title='bbox 468 1964 531 2005; x_wconf 87' lang='lat' dir='ltr'><strong>non</strong></span> <span class='ocrx_word' id='word_1_95' title='bbox 545 1947 615 2005; x_wconf 92' lang='lat' dir='ltr'><strong>erit.</strong></span> 
     </span>
    </p>
   </div>
   <div class='ocr_carea' id='block_1_6' title="bbox 484 2093 646 2157">
    <p class='ocr_par' dir='ltr' id='par_1_8' title="bbox 484 2093 646 2157">
     <span class='ocr_line' id='line_1_20' title="bbox 484 2093 646 2157; baseline 0 -5"><span class='ocrx_word' id='word_1_96' title='bbox 484 2093 646 2157; x_wconf 84' lang='lat' dir='ltr'>LXXVIII.</span> 
     </span>
    </p>
   </div>
   <div class='ocr_carea' id='block_1_7' title="bbox 73 2203 1048 2370">
    <p class='ocr_par' dir='ltr' id='par_1_9' title="bbox 73 2203 1048 2370">
     <span class='ocr_line' id='line_1_21' title="bbox 73 2203 1048 2287; baseline 0.002 -22"><span class='ocrx_word' id='word_1_97' title='bbox 73 2261 76 2265; x_wconf 74' lang='grc'><strong>,</strong></span> <span class='ocrx_word' id='word_1_98' title='bbox 127 2203 251 2268; x_wconf 80' lang='lat' dir='ltr'><strong>Funera</strong></span> <span class='ocrx_word' id='word_1_99' title='bbox 262 2212 334 2283; x_wconf 92' lang='lat' dir='ltr'><strong>post</strong></span> <span class='ocrx_word' id='word_1_100' title='bbox 348 2210 468 2285; x_wconf 78' lang='lat' dir='ltr'><strong>reptem</strong></span> <span class='ocrx_word' id='word_1_101' title='bbox 484 2207 589 2286; x_wconf 82' lang='lat' dir='ltr'><strong>nupsit</strong></span> <span class='ocrx_word' id='word_1_102' title='bbox 602 2207 660 2266; x_wconf 88' lang='lat' dir='ltr'><strong>tibi</strong></span> <span class='ocrx_word' id='word_1_103' title='bbox 675 2205 764 2266; x_wconf 80' lang='lat' dir='ltr'><strong>Galla</strong></span> <span class='ocrx_word' id='word_1_104' title='bbox 777 2207 927 2285; x_wconf 75' lang='lat' dir='ltr'><strong>virorum,</strong></span> <span class='ocrx_word' id='word_1_105' title='bbox 1034 2262 1048 2287; x_wconf 76' lang='lat'>,</span> 
     </span>
     <span class='ocr_line' id='line_1_22' title="bbox 169 2288 887 2370; baseline 0.003 -23"><span class='ocrx_word' id='word_1_106' title='bbox 169 2289 347 2348; x_wconf 85' lang='lat' dir='ltr'><strong>Picentiue:</strong></span> <span class='ocrx_word' id='word_1_107' title='bbox 369 2292 459 2369; x_wconf 90' lang='lat' dir='ltr'><strong>sequi</strong></span> <span class='ocrx_word' id='word_1_108' title='bbox 474 2288 556 2368; x_wconf 85' lang='lat' dir='ltr'><strong>volt,</strong></span> <span class='ocrx_word' id='word_1_109' title='bbox 577 2297 670 2370; x_wconf 90' lang='lat' dir='ltr'><strong>puto,</strong></span> <span class='ocrx_word' id='word_1_110' title='bbox 694 2289 782 2351; x_wconf 87' lang='lat' dir='ltr'><strong>Galla</strong></span> <span class='ocrx_word' id='word_1_111' title='bbox 797 2291 887 2349; x_wconf 84' lang='lat' dir='ltr'><strong>viros.</strong></span> 
     </span>
    </p>
   </div>
   <div class='ocr_carea' id='block_1_8' title="bbox 500 2423 636 2485">
    <p class='ocr_par' dir='ltr' id='par_1_10' title="bbox 500 2423 636 2485">
     <span class='ocr_line' id='line_1_23' title="bbox 500 2423 636 2485; baseline 0.015 -2"><span class='ocrx_word' id='word_1_112' title='bbox 500 2423 636 2485; x_wconf 86' lang='lat' dir='ltr'>LXXIX.</span> 
     </span>
    </p>
   </div>
   <div class='ocr_carea' id='block_1_9' title="bbox 107 2534 1036 3186">
    <p class='ocr_par' dir='ltr' id='par_1_11' title="bbox 129 2534 952 2614">
     <span class='ocr_line' id='line_1_24' title="bbox 129 2534 952 2614; baseline -0.002 -20"><span class='ocrx_word' id='word_1_113' title='bbox 129 2534 247 2595; x_wconf 78' lang='lat' dir='ltr'><strong>Oderat</strong></span> <span class='ocrx_word' id='word_1_114' title='bbox 260 2542 331 2597; x_wconf 89' lang='lat' dir='ltr'><strong>ante</strong></span> <span class='ocrx_word' id='word_1_115' title='bbox 347 2534 457 2596; x_wconf 91' lang='lat' dir='ltr'><strong>ducum</strong></span> <span class='ocrx_word' id='word_1_116' title='bbox 473 2536 603 2598; x_wconf 85' lang='lat' dir='ltr'><strong>famulos</strong></span> <span class='ocrx_word' id='word_1_117' title='bbox 617 2538 800 2612; x_wconf 76' lang='lat' dir='ltr'><strong>turbamque</strong></span> <span class='ocrx_word' id='word_1_118' title='bbox 814 2534 952 2614; x_wconf 83' lang='lat' dir='ltr'><strong>priorem</strong></span> 
     </span>
    </p>

    <p class='ocr_par' dir='ltr' id='par_1_12' title="bbox 169 2618 739 2702">
     <span class='ocr_line' id='line_1_25' title="bbox 169 2618 739 2702; baseline -0.002 -23"><span class='ocrx_word' id='word_1_119' title='bbox 169 2620 211 2679; x_wconf 82' lang='lat' dir='ltr'><strong>Et</strong></span> <span class='ocrx_word' id='word_1_120' title='bbox 225 2619 396 2680; x_wconf 86' lang='lat' dir='ltr'><strong>Palatinum</strong></span> <span class='ocrx_word' id='word_1_121' title='bbox 411 2621 508 2681; x_wconf 86' lang='lat' dir='ltr'><strong>Roma</strong></span> <span class='ocrx_word' id='word_1_122' title='bbox 522 2618 739 2702; x_wconf 83' lang='lat' dir='ltr'><strong>supercilium:</strong></span> 
     </span>
    </p>

    <p class='ocr_par' dir='ltr' id='par_1_13' title="bbox 126 2703 1036 2866">
     <span class='ocr_line' id='line_1_26' title="bbox 126 2703 1036 2784; baseline -0.003 -22"><span class='ocrx_word' id='word_1_123' title='bbox 126 2703 169 2762; x_wconf 88' lang='lat' dir='ltr'><strong>At</strong></span> <span class='ocrx_word' id='word_1_124' title='bbox 182 2721 263 2762; x_wconf 89' lang='lat' dir='ltr'><strong>nunc</strong></span> <span class='ocrx_word' id='word_1_125' title='bbox 277 2711 380 2764; x_wconf 88' lang='lat' dir='ltr'><strong>tantus</strong></span> <span class='ocrx_word' id='word_1_126' title='bbox 396 2725 481 2764; x_wconf 90' lang='lat' dir='ltr'><strong>amor</strong></span> <span class='ocrx_word' id='word_1_127' title='bbox 496 2707 631 2784; x_wconf 79' lang='lat' dir='ltr'><strong>cunctis,</strong></span> <span class='ocrx_word' id='word_1_128' title='bbox 653 2705 809 2782; x_wconf 82' lang='lat' dir='ltr'><strong>Auguste,</strong></span> <span class='ocrx_word' id='word_1_129' title='bbox 830 2708 954 2761; x_wconf 92' lang='lat' dir='ltr'><strong>tuorum</strong></span> <span class='ocrx_word' id='word_1_130' title='bbox 969 2704 1036 2778; x_wconf 86' lang='lat' dir='ltr'><strong>est,</strong></span> 
     </span>
     <span class='ocr_line' id='line_1_27' title="bbox 170 2785 849 2866; baseline -0.001 -21"><span class='ocrx_word' id='word_1_131' title='bbox 170 2786 213 2845; x_wconf 90' lang='lat' dir='ltr'><strong>Ut</strong></span> <span class='ocrx_word' id='word_1_132' title='bbox 227 2787 268 2846; x_wconf 90' lang='lat' dir='ltr'><strong>sit</strong></span> <span class='ocrx_word' id='word_1_133' title='bbox 282 2789 393 2866; x_wconf 91' lang='lat' dir='ltr'><strong>cuique</strong></span> <span class='ocrx_word' id='word_1_134' title='bbox 407 2807 480 2849; x_wconf 82' lang='lat' dir='ltr'><strong>auae</strong></span> <span class='ocrx_word' id='word_1_135' title='bbox 495 2810 568 2850; x_wconf 92' lang='lat' dir='ltr'><strong>cura</strong></span> <span class='ocrx_word' id='word_1_136' title='bbox 583 2787 719 2849; x_wconf 88' lang='lat' dir='ltr'><strong>secunda</strong></span> <span class='ocrx_word' id='word_1_137' title='bbox 734 2785 849 2845; x_wconf 86' lang='lat' dir='ltr'><strong>domus.</strong></span> 
     </span>
    </p>

    <p class='ocr_par' dir='ltr' id='par_1_14' title="bbox 107 2868 1002 3035">
     <span class='ocr_line' id='line_1_28' title="bbox 107 2868 1002 2951; baseline -0.004 -21"><span class='ocrx_word' id='word_1_138' title='bbox 107 2869 208 2930; x_wconf 79' lang='lat' dir='ltr'><strong>5Tam</strong></span> <span class='ocrx_word' id='word_1_139' title='bbox 221 2868 363 2950; x_wconf 75' lang='lat' dir='ltr'><strong>placidae</strong></span> <span class='ocrx_word' id='word_1_140' title='bbox 377 2878 514 2951; x_wconf 87' lang='lat' dir='ltr'><strong>mentes,</strong></span> <span class='ocrx_word' id='word_1_141' title='bbox 537 2880 621 2932; x_wconf 89' lang='lat' dir='ltr'><strong>tanta</strong></span> <span class='ocrx_word' id='word_1_142' title='bbox 636 2878 685 2932; x_wconf 91' lang='lat' dir='ltr'><strong>eat</strong></span> <span class='ocrx_word' id='word_1_143' title='bbox 697 2871 874 2932; x_wconf 87' lang='lat' dir='ltr'><strong>reverentia</strong></span> <span class='ocrx_word' id='word_1_144' title='bbox 886 2869 1002 2944; x_wconf 84' lang='lat' dir='ltr'><strong>nostri,</strong></span> 
     </span>
     <span class='ocr_line' id='line_1_29' title="bbox 171 2954 859 3035; baseline 0.004 -22"><span class='ocrx_word' id='word_1_145' title='bbox 171 2954 248 3014; x_wconf 82' lang='lat' dir='ltr'><strong>Tam</strong></span> <span class='ocrx_word' id='word_1_146' title='bbox 261 2960 370 3034; x_wconf 88' lang='lat' dir='ltr'><strong>pacata</strong></span> <span class='ocrx_word' id='word_1_147' title='bbox 387 2957 491 3035; x_wconf 88' lang='lat' dir='ltr'><strong>quies,</strong></span> <span class='ocrx_word' id='word_1_148' title='bbox 513 2963 616 3017; x_wconf 84' lang='lat' dir='ltr'><strong>tantus</strong></span> <span class='ocrx_word' id='word_1_149' title='bbox 630 2959 662 3015; x_wconf 88' lang='lat' dir='ltr'><strong>iu</strong></span> <span class='ocrx_word' id='word_1_150' title='bbox 677 2975 732 3016; x_wconf 87' lang='lat' dir='ltr'><strong>ore</strong></span> <span class='ocrx_word' id='word_1_151' title='bbox 749 2954 859 3035; x_wconf 88' lang='lat' dir='ltr'><strong>pudor.</strong></span> 
     </span>
    </p>

    <p class='ocr_par' dir='ltr' id='par_1_15' title="bbox 127 3039 973 3186">
     <span class='ocr_line' id='line_1_30' title="bbox 127 3039 973 3120; baseline -0.002 -22"><span class='ocrx_word' id='word_1_152' title='bbox 127 3039 224 3099; x_wconf 90' lang='lat' dir='ltr'><strong>Nemo</strong></span> <span class='ocrx_word' id='word_1_153' title='bbox 240 3058 311 3099; x_wconf 88' lang='lat' dir='ltr'><strong>suos</strong></span> <span class='ocrx_word' id='word_1_154' title='bbox 327 3040 460 3099; x_wconf 89' lang='lat' dir='ltr'><strong>-baec</strong></span> <span class='ocrx_word' id='word_1_155' title='bbox 477 3048 526 3100; x_wconf 88' lang='lat' dir='ltr'><strong>est</strong></span> <span class='ocrx_word' id='word_1_156' title='bbox 540 3039 628 3100; x_wconf 86' lang='lat' dir='ltr'><strong>aulae</strong></span> <span class='ocrx_word' id='word_1_157' title='bbox 642 3048 752 3100; x_wconf 87' lang='lat' dir='ltr'><strong>natura</strong></span> <span class='ocrx_word' id='word_1_158' title='bbox 765 3039 901 3120; x_wconf 89' lang='lat' dir='ltr'><strong>potentis</strong></span> <span class='ocrx_word' id='word_1_159' title='bbox 919 3070 973 3112; x_wconf 86' lang='lat'><strong>-‚</strong></span> 
     </span>
     <span class='ocr_line' id='line_1_31' title="bbox 170 3121 816 3186; baseline 0.006 -4"><span class='ocrx_word' id='word_1_160' title='bbox 170 3122 235 3183; x_wconf 91' lang='lat' dir='ltr'><strong>Sed</strong></span> <span class='ocrx_word' id='word_1_161' title='bbox 249 3121 365 3184; x_wconf 89' lang='lat' dir='ltr'><strong>domiui</strong></span> <span class='ocrx_word' id='word_1_162' title='bbox 378 3141 480 3183; x_wconf 88' lang='lat' dir='ltr'><strong>mores</strong></span> <span class='ocrx_word' id='word_1_163' title='bbox 496 3124 696 3184; x_wconf 77' lang='lat' dir='ltr'><strong>Caesarianus</strong></span> <span class='ocrx_word' id='word_1_164' title='bbox 712 3125 816 3186; x_wconf 88' lang='lat' dir='ltr'><strong>habet.</strong></span> 
     </span>
    </p>
   </div>
   <div class='ocr_carea' id='block_1_10' title="bbox 504 3257 625 3319">
    <p class='ocr_par' dir='ltr' id='par_1_16' title="bbox 504 3257 625 3319">
     <span class='ocr_line' id='line_1_32' title="bbox 504 3257 625 3319; baseline 0.008 -1"><span class='ocrx_word' id='word_1_165' title='bbox 504 3257 625 3319; x_wconf 88' lang='lat' dir='ltr'>LXXX.</span> 
     </span>
    </p>
   </div>
   <div class='ocr_carea' id='block_1_11' title="bbox 127 3356 938 3536">
    <p class='ocr_par' dir='ltr' id='par_1_17' title="bbox 127 3356 938 3536">
     <span class='ocr_line' id='line_1_33' title="bbox 127 3356 938 3450; baseline -0.006 -22"><span class='ocrx_word' id='word_1_166' title='bbox 127 3367 264 3430; x_wconf 84' lang='lat' dir='ltr'><strong>Duxerat</strong></span> <span class='ocrx_word' id='word_1_167' title='bbox 276 3371 417 3431; x_wconf 88' lang='lat' dir='ltr'><strong>esuriens</strong></span> <span class='ocrx_word' id='word_1_168' title='bbox 431 3356 622 3450; x_wconf 84' lang='lat' dir='ltr'><strong>locupletem</strong></span> <span class='ocrx_word' id='word_1_169' title='bbox 633 3388 752 3449; x_wconf 88' lang='lat' dir='ltr'><strong>pauper</strong></span> <span class='ocrx_word' id='word_1_170' title='bbox 769 3378 938 3444; x_wconf 69' lang='lat' dir='ltr'><strong>anumquet</strong></span> 
     </span>
     <span class='ocr_line' id='line_1_34' title="bbox 170 3452 718 3536; baseline 0.007 -24"><span class='ocrx_word' id='word_1_171' title='bbox 170 3452 305 3514; x_wconf 83' lang='lat' dir='ltr'><strong>Uxorem</strong></span> <span class='ocrx_word' id='word_1_172' title='bbox 318 3454 418 3536; x_wconf 91' lang='lat' dir='ltr'><strong>pascit</strong></span> <span class='ocrx_word' id='word_1_173' title='bbox 433 3453 554 3516; x_wconf 85' lang='lat' dir='ltr'><strong>Gellius</strong></span> <span class='ocrx_word' id='word_1_174' title='bbox 568 3460 600 3513; x_wconf 89' lang='lat' dir='ltr'><strong>et</strong></span> <span class='ocrx_word' id='word_1_175' title='bbox 614 3453 718 3516; x_wconf 85' lang='lat' dir='ltr'><strong>futuit.</strong></span> 
     </span>
    </p>
   </div>
   <div class='ocr_carea' id='block_1_12' title="bbox 0 0 1190 3840">
    <p class='ocr_par' dir='ltr' id='par_1_18' title="bbox 0 0 1190 3840">
     <span class='ocr_line' id='line_1_35' title="bbox 0 0 1190 3840; baseline 0 0"><span class='ocrx_word' id='word_1_176' title='bbox 0 0 1190 3840; x_wconf 95' lang='lat' dir='ltr'><strong> </strong></span> 
     </span>
    </p>
   </div>
  </div>
 </body>
</html>
