2370 3840
115 182 178 247 278
439 183 483 244 M.
499 182 591 245 vlu.
610 183 834 244 MARTlALlS

596 385 674 446 xcl.

200 494 349 559 Aeolide·
365 497 485 557 (lauree
498 498 580 557 iacet
593 497 653 558 hoe
670 493 820 558 tumulutu
833 497 991 579 sepulcro,

242 579 358 642 Ultima
373 582 423 640 cui
436 599 548 662 parvae
563 582 693 661 septime
706 581 791 641 venit
803 581 910 642 hiems.

201 665 251 726 Ah
265 664 383 742 ruelue,
406 665 444 724 eh
458 664 594 725 lacinus!
614 683 765 745 properae
780 664 855 744 quid
869 667 966 744 flere,
987 668 1115 729 viatori

245 748 314 808 Non
325 747 402 807 licet
416 748 467 807 hic
483 749 564 808 vitae
579 745 618 807 de
634 750 787 810 brevitate
802 752 900 827 queri.
1005 816 1008 823 ,

61 905 63 908 ⁴
178 831 341 895 uTrietiur
357 837 406 891 eut
419 830 484 892 leto
498 829 558 891 letl
573 850 688 910 genus:
710 832 838 892 horrldu
852 831 953 893 voltur

242 913 382 976 Abstulit
400 921 432 974 et
447 921 557 975 tenero
572 915 656 976 sedit
668 917 700 976 in
717 934 772 976 ore
785 916 869 995 lues,

200 999 331 1080 lperque
347 996 491 1058 crudeles
507 998 640 1060 ederunt
655 999 760 1060 oeculu
774 1001 890 1078 morbi,

244 1082 310 1143 Nec
325 1079 397 1142 (latr
410 1089 482 1143 sunt
495 1084 592 1162 nigris
606 1090 673 1143 tutu
688 1082 802 1144 labella
816 1085 909 1162 rugis.

202 1165 236 1227 Si
249 1172 311 1225 tam
324 1166 490 1247 praecipiti
502 1166 627 1226 fuerent
640 1171 771 1227 ventura
784 1167 903 1246 volatu,

161 1260 195 1312 10
243 1249 424 1311 Debuerant
438 1248 499 1310 uliu
513 1250 577 1311 futu
590 1251 699 1311 venire
713 1253 769 1315 via.

184 1378 190 1388 .
202 1330 267 1394 Sed
281 1352 364 1396 mure
378 1336 462 1396 vocis
477 1337 540 1395 lter
551 1336 730 1415 properavit
745 1333 872 1396 cludere
887 1331 1034 1413 blandae,

243 1416 291 1477 Ne
305 1425 413 1498 poreet
428 1417 520 1479 (lurae
534 1420 665 1479 flectere
680 1417 784 1497 lingue
800 1418 881 1481 (leur.
912 1467 916 1478 ,

594 1553 685 1613 XCII.
1018 1552 1036 1587 “

200 1659 355 1721 Mentitur
373 1660 472 1737 quite
486 1662 644 1740 vitiorum,
666 1659 772 1742 Zuile‚
796 1661 880 1723 dicit.

242 1743 312 1804 Non
326 1742 452 1802 vitiosus
466 1743 557 1804 homo
572 1763 622 1822 er,
644 1745 750 1825 zoile,
772 1745 829 1807 red
842 1747 956 1808 vitium.

583 1878 688 1941 xuni.

202 1996 324 2057 Pierios
337 1996 414 2057 vutir
429 1994 591 2057 Theodori
603 1999 723 2058 flumme
736 2004 865 2078 penate·

244 2078 391 2144 Abstulit.
421 2080 490 2141 lloc
504 2080 604 2142 Musis
619 2088 653 2142 et
666 2082 742 2162 tibi,
763 2081 907 2159 Phoebe,
929 2078 1057 2161 placet?

202 2163 228 2223 0
247 2163 365 2242 rcelue,
388 2184 405 2225 u
423 2184 563 2244 magnum
581 2166 699 2227 fucinus
715 2166 895 2245 erimenque
911 2162 1056 2243 deorum,

241 2245 311 2308 Non
327 2249 403 2309 uruit
416 2250 535 2329 puriter
552 2248 634 2328 quod
649 2248 755 2310 ulumue
770 2255 803 2309 et
817 2247 972 2308 deminuet

582 2382 690 2444 xciv.

201 2491 291 2569 Quod
304 2494 431 2555 nimium
442 2493 520 2556 lives
534 2497 649 2556 nostrie
665 2500 697 2554 et
708 2494 822 2574 ubique
836 2490 955 2554 llbelllr

244 2576 407 2656 heti-ahie,
430 2580 574 2656 ignosco:
594 2596 690 2658 verpe
704 2584 813 2659 poeta,
836 2578 927 2659 rupis.

202 2657 271 2718 Hoc
287 2680 409 2740 quoque
423 2681 486 2722 non
502 2682 593 2741 curo,
621 2661 704 2741 quod
725 2681 793 2723 cum
808 2680 876 2723 mer
890 2661 1024 2722 uurmlur
1038 2677 1162 2742 carpet,

244 2742 413 2823 compilar:
433 2753 466 2807 et
483 2748 543 2824 rie,
565 2764 661 2827 verpe
676 2752 785 2827 poeta,
803 2747 893 2827 supin.

183 2821 290 2886 5sslud
303 2846 352 2887 me
368 2832 500 2910 cruciet,
522 2827 656 2911 Solymis
672 2829 755 2910 quod
768 2835 857 2891 uetur
871 2830 905 2890 in
918 2828 994 2909 iprir

243 2908 391 2972 Paedieu
405 2932 550 2994 puerum,
564 2933 660 2996 verpe
673 2919 782 2994 poetu,
804 2933 914 2977 meum.

200 2991 284 3055 Ecce
298 3011 393 3073 ueger
407 2997 551 3077 iurasque
566 3000 642 3059 mihi
656 3016 714 3079 per
728 2996 845 3079 templa
859 2997 1019 3058 Touuntle.

241 3076 312 3137 Nou
325 3077 434 3138 uredo:
454 3083 537 3162 iure,
558 3102 670 3164 verpe,
691 3101 750 3163 per
763 3079 956 3143 Anchialum.
1012 3092 1015 3097 ’

589 3229 683 3292 XCV.

200 3335 350 3397 luciderlr
367 3336 510 3418 quotiens
524 3337 557 3397 iu
573 3337 658 3399 berle
673 3338 871 3417 iellrturum,

242 3419 277 3480 lu
290 3419 400 3481 rollum
413 3426 488 3501 pute
502 3427 534 3480 te
552 3438 712 3503 mergere,
734 3423 865 3497 Flecte,
887 3427 988 3503 eaput.
