2370 3840
137 189 200 254 ³12
463 189 507 252 M.
523 189 615 253 VAL.
632 191 857 262 MAR'I'IALIS

525 391 602 453 XLI.
624 392 794 456 Porcellus.

224 505 320 566 Lacte
335 524 421 567 mero
435 513 555 587 partum
570 506 677 585 pigrae
693 507 769 567 mihi
784 507 889 566 matris
906 503 1068 570 alumnum

263 590 380 669 Ponat,
402 596 435 650 et
449 589 562 650 Aetolo
579 588 686 649 desae
702 589 787 651 diaes
801 590 882 664 edat.

430 715 522 775 XLII.
543 715 685 795 Apyrina
699 723 729 776 el
747 717 878 782 tuberes.

221 813 290 874 Non
303 814 362 873 tibi
376 811 416 872 de
430 813 555 890 Libycis
572 813 699 873 tuberes
714 819 747 873 et
761 813 889 893 apyrina
903 814 1014 892 ramis,

263 898 309 956 lle
323 896 522 957 Nomentanis
532 894 594 955 sed
610 895 714 956 damus
729 897 898 957 arboribus.

545 1024 649 1087 XLIII.
672 1025 767 1088 Idam.

220 1121 317 1182 Lecta
332 1119 514 1181 suburbanis
531 1121 694 1180 mittuntur
708 1122 836 1200 apyrina
850 1121 942 1182 ramis

262 1205 305 1265 Et
317 1222 431 1265 vernae
445 1204 582 1263 tuberes.
614 1203 695 1279 Quid
709 1207 767 1264 tibi
782 1225 850 1265 oum
862 1205 1015 1286 Libycis?

528 1329 635 1394 XLIV.
657 1329 786 1396 Sumen.

222 1429 300 1491 iisse
313 1435 404 1510 putes
417 1429 552 1490 nondum
568 1449 691 1507 sumen;
713 1433 757 1492 sic
772 1431 868 1492 ubere
885 1429 971 1509 largo

263 1514 305 1573 nt
318 1514 387 1573 fluit
402 1518 435 1572 et
451 1516 517 1574 vivo
532 1514 612 1574 lacte
626 1514 743 1596 papiIla
757 1522 864 1577 tumet.

461 1636 554 1699 XLV.
577 1639 665 1700 Pulli
674 1641 852 1720 gallinacei.

222 1736 256 1795 Si
269 1734 403 1812 Libycae
418 1733 507 1792 nobis
520 1731 663 1794 volucres
680 1741 713 1794 et
727 1733 878 1795 Phasides
895 1741 1018 1813 essent,

265 1818 452 1897 deciperes,
469 1822 504 1875 tu
517 1836 598 1876 nunc
615 1820 721 1898 accipe
736 1818 854 1878 chortis
870 1837 948 1879 aves.

525 1942 631 2005 XLVI.
654 1943 787 2013 Persica.

220 2043 304 2108 Vilia
318 2043 465 2103 maternis
481 2043 637 2103 fueramus
650 2062 824 2123 praecoqua
840 2045 948 2105 ramis:

262 2128 350 2189 Nunc
364 2129 396 2186 in
411 2125 561 2207 adoptivis
576 2127 702 2188 Persica
717 2147 787 2187 cara
802 2147 912 2188 sumus.

446 2257 567 2318 XLVII.
589 2257 691 2317 Panes
707 2257 867 2317 licentiori.

222 2354 385 2415 Picentina
405 2355 502 2415 Ceres
517 2355 606 2413 niveo
622 2355 667 2412 sic
681 2359 808 2412 nectare
824 2355 954 2433 crescit,
1020 2357 1024 2361 ’

263 2439 308 2500 Ut
320 2436 399 2498 levis
415 2446 541 2519 accepta
558 2439 686 2517 spongia
701 2443 805 2515 turget
820 2456 905 2516 aqua.

521 2566 654 2632 XLVIII.
681 2566 795 2626 Boleti

220 2679 392 2754 Argentum
410 2686 502 2759 atque
519 2699 624 2739 aurum
645 2675 738 2737 facile
754 2684 803 2737 est
816 2676 998 2757 laenamque
1013 2678 1183 2767 togamque

260 2761 407 2840 Mittere,
428 2761 549 2850 boletos
564 2763 689 2822 mittere
706 2760 872 2822 difficilest.

515 2889 621 2951 XLIX.
645 2887 807 2950 Ficedulc.

222 3000 299 3060 Cum
314 3017 363 3058 me
377 2999 454 3061 ficus
468 3001 545 3081 alat,
568 3023 636 3062 cum
650 3020 759 3082 pascar
774 2997 916 3060 dulcibus
930 2998 1013 3076 uvis,

263 3084 326 3144 Cur
342 3084 445 3162 potius
461 3105 573 3146 nomen
588 3106 651 3147 non
666 3084 754 3145 dedit
768 3104 825 3144 uva
840 3083 938 3143 mihi?

499 3210 534 3272 L.
562 3210 678 3273 Terrae
692 3211 811 3272 tulero.

218 3322 398 3402 RumpImns
412 3318 555 3381 altricem
567 3326 678 3380 tenero
695 3341 772 3401 quae
786 3321 904 3381 vertice
918 3325 1036 3380 terram

264 3406 405 3485 Tubero,
426 3403 541 3466 boletis
555 3424 646 3485 poma
660 3404 795 3464 secunda
809 3423 921 3465 sumus.
