2370 3840
319 215 663 279 EPIGRAMMATON
677 218 753 282 LlB.
769 218 807 280 X,
1022 215 1083 281 227

128 370 215 433 Voce
231 375 264 430 ut
277 367 423 449 loquatur
436 371 586 450 psittacus
602 371 769 429 coturnicis

128 455 170 516 Et
185 455 381 534 concupiscat
397 473 466 514 esse
482 454 584 516 Canus
599 451 757 512 ascanles‘l

129 537 242 597 Procul
258 559 274 597 a
287 537 404 598 libellis
418 539 505 617 nigra
520 537 561 596 sit
574 538 650 596 meis
665 537 760 614 fama,

87 623 212 697 loQuos
226 642 331 681 rumor
346 620 415 682 alba
429 640 584 700 gemmeus
598 621 683 680 vehit
697 621 798 698 pinna.

130 707 193 766 Cur
207 723 264 784 ego
282 705 418 766 lahorem
433 713 523 765 notus
538 723 606 764 esse
622 711 683 763 tam
698 721 807 783 prave,

130 790 281 850 Constare
296 791 391 868 gratis
407 809 474 849 cum
489 789 644 850 silentium
658 786 780 867 possit?

536 922 587 986 lV.

130 1034 188 1111 Qui
201 1031 281 1111 legis
297 1032 481 1113 Oedipoden
498 1031 743 1113 caligantemque
759 1033 938 1114 Thyesten,

171 1115 335 1177 Colchidas
351 1124 383 1177 et
399 1117 534 1197 Scyllas,
557 1117 630 1196 quid
646 1121 706 1178 nisi
722 1125 860 1179 monstra
873 1118 974 1198 legis?

127 1201 209 1280 Quid
224 1203 281 1261 tihi
295 1208 401 1282 raptus
417 1202 530 1282 Hylas,
551 1201 624 1280 quid
638 1203 892 1282 Parthenopaeus
907 1209 940 1263 et
955 1203 1057 1282 Attis,

170 1284 251 1362 Quid
265 1286 324 1344 tihi
342 1285 493 1345 dormitor
508 1284 650 1364 proderit
663 1284 861 1365 Endymion?
887 1304 888 1308 ’

105 1370 282 1430 5Exutusve
296 1387 375 1446 puer
391 1370 493 1448 pinnis
507 1366 707 1427 labentibus?
729 1375 781 1429 aut
797 1370 850 1447 qui

170 1450 245 1510 Odit
261 1453 423 1510 amatrices
436 1450 715 1530 Hermaphroditus
730 1453 847 1531 aquas?

128 1534 209 1612 Quid
225 1540 256 1594 te
270 1553 347 1594 vana
361 1537 464 1594 iuvant
477 1536 609 1594 miserae
623 1534 757 1595 ludibria
772 1537 920 1597 chartae?

170 1619 238 1678 Hoc
257 1617 346 1696 lege,
370 1618 452 1697 quod
465 1619 564 1697 possit
580 1617 685 1679 dicere
700 1621 763 1680 vita
776 1621 903 1699 „Meum
921 1620 1002 1686 est.“

126 1701 194 1763 Nou
209 1703 261 1761 hic
277 1703 467 1781 Centauros,
489 1721 551 1762 non
567 1703 728 1782 Gorgonas
742 1705 958 1785 Harpyiasque

85 1796 120 1848 10
168 1787 324 1846 Invenies:
345 1788 500 1846 hominem
513 1788 624 1866 pagiua
638 1792 745 1847 nostra
761 1791 848 1869 sapit.

128 1870 192 1930 Sed
205 1889 268 1930 uon
281 1871 343 1947 vis,
364 1871 539 1947 Mamurra,
560 1877 630 1930 tuos
646 1890 834 1948 cognoscere
848 1891 951 1934 mores

167 1954 279 2013 Necte
294 1954 390 2012 scire:
411 1952 497 2032 legas
512 1954 603 2022 Aetia
618 1951 808 2015 Callimachi.

547 2085 650 2148 V‚.

129 2197 273 2276 Quisquis
293 2194 428 2256 stolaeve
441 2215 634 2276 purpuraeve
650 2203 845 2279 contemptor

129 2280 212 2356 Quos
228 2278 332 2341 colere
350 2279 461 2358 dehet,
483 2279 575 2340 laesit
588 2282 681 2360 impio
696 2300 803 2361 versu,

127 2365 223 2426 Erret
238 2383 296 2448 per
309 2365 417 2423 urbem
433 2365 536 2443 pontis
551 2363 621 2424 exul
636 2370 669 2425 et
683 2363 769 2445 clivi,

127 2449 274 2528 luterque
288 2450 397 2508 raucos
412 2447 536 2508 ultimus
550 2455 711 2527 rogatores

106 2532 209 2594 50ret
225 2534 347 2593 caninas
362 2533 449 2612 panis
465 2534 598 2613 improbi
612 2535 732 2592 buccas.

126 2614 177 2676 Illi
191 2603 363 2676 Decemlrer
375 2606 486 2695 longus
502 2624 534 2677 et
549 2616 675 2677 madens
689 2619 797 2676 bruma

127 2699 300 2780 Clususque
314 2695 416 2777 fornix
433 2702 524 2761 triste
539 2701 637 2779 frigus
652 2700 807 2762 extendat.

127 2784 229 2846 Vocet
243 2785 351 2843 beatos
366 2784 564 2870 clamitetque
577 2780 705 2862 felices,
728 2791 730 2794 ’

128 2868 294 2926 Orciniana
310 2868 362 2944 qui
374 2867 519 2927 feruntur
533 2871 564 2927 in
585 2867 712 2947 sponda.

85 2952 167 3013 lorlt
183 2971 250 3011 cum
264 2965 426 3032 supremae
439 2951 492 3011 iila
505 2953 649 3011 venerint
662 2953 758 3012 horae

126 3036 262 3114 Diesque
279 3032 400 3111 tardus,
422 3037 536 3096 sentiat
552 3054 659 3095 cauum
672 3033 760 3095 litem

125 3119 299 3198 Abigatque
316 3124 399 3178 moto
418 3120 523 3179 noxias
539 3139 609 3179 aves
623 3138 741 3198 pauno;

124 3203 190 3262 Nec
203 3204 350 3263 finiantur
365 3209 465 3262 morte
482 3202 628 3284 supplicis
642 3221 776 3283 poenae,

125 3286 189 3345 Sed
202 3287 293 3347 modo
309 3287 410 3346 severi
426 3293 528 3347 sectus
541 3288 636 3347 Aeaci
653 3285 743 3365 loris,
787 3352 793 3363 ,

83 3370 211 3432 15Nunc
224 3371 356 3450 inquieti
371 3378 476 3431 monte
490 3371 615 3453 Sisyphi
629 3389 771 3450 pressus,

124 3453 212 3514 Nunc
225 3456 309 3515 inter
323 3455 421 3516 undas
438 3455 555 3535 garruli
569 3456 651 3518 senis
666 3455 764 3514 slccus

807 3529 875 3591 lh*
