2370 3840
179 180 180 186 ‘
288 210 626 270 nrrormmrmron
640 210 713 272 ura.
729 211 769 274 v.
992 213 1052 277 ιιι

96 368 198 427 Differ
213 383 306 444 opus,
327 381 386 421 nec
401 372 432 421 tc
447 362 573 422 facundi
587 382 679 422 scena
695 364 809 426 Catulli

139 451 302 524 Detineat,
324 445 415 506 cultis
431 452 483 505 aut
497 447 597 523 elegia
613 448 721 521 comis;

75 534 164 599 osed
178 534 249 612 lege
264 533 383 591 fumoso
399 549 461 589 non
476 530 669 610 aspernanda
682 532 846 593 Decembri

116 619 299 696 Carmina,
321 616 484 675 mittuntur
501 632 578 691 quae
594 616 651 674 tibi
667 633 772 676 mense
787 637 852 680 suo.

96 701 293 765 Commodius
308 700 368 759 nisi
359 699 465 758 forte
480 699 538 757 tibi
551 699 715 777 potiusque
729 700 868 781 videtur,

140 783 359 846 Saturnalicias
374 780 526 864 perdere,
549 783 666 860 Varro,
689 802 792 848 nuces

480 950 589 1013 XXXl.

97 1066 229 1146 Aspice,
252 1084 341 1144 qnam
356 1061 486 1143 placidis
501 1062 597 1123 insuit
584 1069 631 1124 tet
648 1066 739 1125 turba
752 1065 889 1128 iuvencis

137 1151 180 1212 ln
194 1169 249 1210 sua
265 1168 354 1226 qnam
368 1147 468 1207 facilis
482 1147 622 1227 pondera
635 1155 741 1209 taurus
757 1157 847 1212 amet.

98 1235 248 1296 Cornibus
263 1233 314 1292 irio
313 1231 446 1334 pendet
461 1233 603 1309 summis,
626 1251 718 1311 vagus
735 1235 784 1294 illc
805 1252 863 1314 per
878 1257 977 1296 armos

140 1318 248 1379 Currit
262 1317 343 1376 etin
358 1322 424 1377 toto
441 1315 570 1376 ventilat
584 1337 667 1376 arma
681 1318 768 1378 bore

70 1403 141 1466 snt
154 1402 263 1462 feritas
277 1401 403 1460 immota
418 1401 514 1479 riget:
536 1419 599 1460 non
615 1407 698 1460 esset
713 1401 828 1463 harena

140 1486 253 1546 Tutior
268 1491 301 1544 et
313 1489 459 1565 poterant
472 1482 587 1544 fallere
599 1483 692 1565 plana
702 1486 806 1564 magis.

96 1570 161 1632 Nec
175 1567 335 1650 trepidant
349 1575 472 1648 gestas,
494 1567 552 1628 sed
566 1567 606 1629 de
621 1569 797 1631 discrimine
812 1571 930 1651 palmae

144 1653 278 1714 Securus
291 1671 369 1733 puer
385 1659 449 1730 est,
473 1650 702 1730 sollicitumque
716 1672 820 1733 pecus

473 1819 594 1881 XXXll.

75 1962 79 1967 ’
97 1946 306 2026 Quadrantem
324 1948 453 2027 Crispus
468 1946 598 2026 tabulis,
618 1949 782 2028 Faustino,
805 1952 956 2030 supremis

138 2030 208 2092 Non
224 2030 312 2092 dedit
326 2032 423 2092 uxori.
455 2032 535 2110 „Cui
550 2030 638 2092 dedit
651 2033 771 2111 ergo‘i“
800 2033 874 2094 Sibi.

467 2198 601 2261 XXXlll.

96 2333 234 2413 carpere
249 2329 421 2392 causidicus
435 2331 537 2392 fertur
551 2350 619 2392 mea
633 2332 781 2392 carmina:
803 2333 872 2412 quis
886 2333 943 2411 sit,

139 2415 266 2477 Nescio:
289 2414 317 2475 si
330 2415 451 2496 sciero,
468 2436 524 2476 vae
539 2417 614 2495 tibi,
636 2414 800 2478 causidico.

464 2578 601 2642 XXXIV.

95 2707 184 2767 Hanc
205 2709 279 2789 tibi,
300 2709 420 2770 Fronto
440 2716 547 2789 pater,
570 2709 712 2787 genetrix
734 2703 901 2786 Flaccilla,
922 2704 1056 2788 puellam
1080 2705 1081 2708 ’

140 2790 253 2852 Oscula
269 2792 449 2853 commendo
465 2790 655 2871 deliciasque
672 2810 772 2872 meas,

95 2875 225 2937 Parvula
240 2894 280 2936 ne
297 2879 401 2956 nigras
416 2877 578 2937 horrescat
591 2877 722 2936 Erotion
737 2877 860 2937 umbras

137 2959 262 3038 Oraque
278 2960 423 3022 'l'artarei
436 2960 615 3041 prodigiosa
634 2961 727 3024 canis.

73 3043 265 3124 olmpletura
281 3044 342 3104 fnit
356 3051 461 3105 sextae
476 3043 566 3104 modo
581 3045 700 3122 frigora
717 3046 860 3126 brumae,

137 3127 277 3192 Vixisset
291 3128 421 3189 totidem
436 3130 469 3188 ni
484 3130 584 3188 minus
600 3127 657 3188 illa
671 3127 748 3191 dies.

94 3211 180 3273 inter
194 3219 256 3273 tam
271 3219 396 3273 veteres
409 3211 498 3273 ludat
511 3212 624 3273 lasciva
638 3219 786 3292 patronos

137 3297 180 3356 Et
194 3315 307 3357 nomen
324 3292 429 3358 blaeso
446 3298 561 3376 garriat
578 3315 633 3357 ore
649 3315 758 3358 meum.

94 3378 207 3443 Mollia
220 3400 284 3441 non
298 3381 416 3460 rigidas
431 3400 540 3462 cespes
556 3387 642 3459 tegat
658 3400 743 3458 ossa,
765 3378 901 3459 necilli,

54 3476 88 3529 lo
135 3465 252 3543 Terra,
272 3467 374 3544 gravis
387 3467 503 3530 saeris:
524 3486 591 3528 non
601 3465 667 3533 luit
678 3462 741 3526 illa
748 3465 873 3611 ann&
