2370 3840
115 207 178 274 288
435 209 479 271 Μ.
496 207 587 270 VAL.
603 207 832 268 MARTIALIS

241 361 306 420 Neo
321 357 487 439 CapitoIIni
500 355 590 418 collis
606 356 727 418 alumne
740 360 807 419 tibi.

199 445 264 503 Nec
279 443 340 502 cito
353 440 469 501 ridebit
483 443 642 521 peregrini
659 440 758 520 glorIa
772 447 894 521 partus,

241 527 405 585 Romanam
421 523 530 585 deceat
546 544 634 604 quam
649 527 744 604 magis
758 544 828 585 erac
842 544 961 588 nurum.

201 610 251 670 Τιι
265 607 451 669 desiderium
467 607 607 676 dominre
621 609 696 668 mihi
710 610 813 669 mitius
826 610 912 669 urbis
1002 614 1005 619 '

158 704 193 758 10
240 695 318 756 Esse
331 694 435 752 iubes:
455 692 581 753 Romam
597 699 630 751 tu
647 693 722 752 mihi
735 690 802 752 sola
816 693 904 758 iacis.

585 824 678 886 XXII.

200 926 296 1002 Quam
311 925 352 984 sit
365 924 449 983 lusca
463 920 621 982 Philaenis
635 923 837 1002 indecenter,

200 1009 255 1070 Vis
270 1006 369 1067 dicam
383 1007 523 1067 breviter
535 1007 609 1082 tibi,
631 1004 786 1068 Fabulle?

198 1091 291 1152 Esset
306 1108 396 1150 caeca
410 1088 571 1150 decentior
591 1086 759 1151 PhilaenIs.

577 1221 684 1284 XXIII.

200 1322 351 1383 Dentibus
367 1330 459 1401 atque
476 1321 586 1399 comis,
608 1338 667 1380 nec
682 1327 715 1382 te
728 1318 842 1400 pudet,
861 1321 959 1382 uteris
974 1325 1100 1406 emptis.

241 1405 322 1482 Quid
335 1407 430 1466 facies
445 1404 549 1484 oculo,
568 1402 696 1465 Laelia?
717 1424 779 1464 non
794 1405 915 1468 emItur.

580 1537 690 1601 XXIV.

202 1632 390 1710 Morounda,
416 1637 560 1712 covtnne,
582 1632 734 1712 solitudo,

201 1716 336 1777 Carruca
348 1718 445 1795 magis
461 1717 633 1796 essedoque
647 1723 767 1796 gratum

198 1797 336 1860 Facundi
350 1801 426 1859 mibi
440 1820 547 1861 munus
563 1798 704 1860 Aeliani!

199 1883 260 1942 Hic
274 1901 392 1943 mecum
405 1883 497 1963 licet,
519 1885 586 1962 hic,
607 1885 726 1962 iuvate,
750 1883 899 1966 quidquid

176 1966 233 2027 alu
247 1968 373 2027 buccam
387 1968 445 2027 tibi
459 1969 596 2046 veneunt,
618 1966 785 2048 loquens·

199 2049 268 2109 Non
283 2057 388 2111 rector
401 2051 509 2131 Libyci
523 2053 613 2130 niger
627 2051 754 2130 caballi,

200 2132 379 2194 Succinctus
392 2153 494 2213 neque
510 2155 617 2196 cursor
632 2135 797 2197 antecedit.

199 2215 354 2294 Nusquam
369 2225 418 2278 est
431 2218 541 2293 mulic;
563 2221 698 2283 inannuli
713 2222 867 2283 tacebunt.

201 2299 226 2359 0
244 2301 271 2359 si
284 2303 423 2361 conscius
438 2309 522 2362 esset
536 2304 587 2363 hic
602 2305 727 2381 Avitus,

158 2383 313 2445 loriurem
329 2403 391 2444 non
406 2403 463 2464 ego
478 2388 601 2446 tertiam
615 2388 766 2446 timerem.

199 2466 298 2528 'l'otus
314 2472 496 2546 quambene
511 2471 555 2529 sic
574 2468 639 2530 dies
655 2469 770 2530 abiret!

584 2602 679 2665 XXV.

199 2697 275 2758 Cum
286 2716 361 2775 rogo
373 2703 406 2757 te
418 2718 555 2759 nummos
566 2701 633 2759 siue
644 2701 786 2779 pignore,
798 2720 881 2779 „non
892 2700 1026 2781 habeo,“
1040 2704 1157 2784 Inquis.

239 2778 340 2859 Idem,
362 2783 388 2840 si
402 2802 459 2862 pro
474 2801 524 2842 me
539 2782 672 2863 spondet
690 2782 825 2864 agellus,
847 2785 951 2845 habes.

199 2860 287 2938 Quod
299 2864 373 2923 mihi
388 2884 449 2925 non
464 2866 565 2928 credis
579 2869 696 2946 veteri,
720 2867 886 2948 Telesino,
908 2866 1026 2949 sodali,

241 2944 351 3005 Credis
367 2945 505 3010 coliculis
520 2953 742 3030 arboribusque
756 2954 842 3016 meis.

176 3028 300 3105 mdccc,
320 3046 406 3089 reum
426 3032 523 3094 Carus
536 3040 568 3094 ie
585 3033 714 3095 detulit:
734 3037 808 3096 assit
822 3034 948 3115 agellus.

239 3109 341 3173 Exssio
357 3115 498 3176 comitem
514 3119 659 3195 quaeris?
680 3118 797 3198 agellus
812 3127 870 3181 eat.

579 3250 688 3314 XXVI.

199 3341 357 3422 Sexagena
370 3349 454 3405 teras
469 3365 536 3405 oum
551 3344 655 3406 ldmIna
669 3368 757 3410 mane
772 3356 913 3430 senator,

238 3425 316 3488 Esse
330 3429 389 3490 tibi
403 3427 510 3491 videor
526 3427 698 3493 desidiosus
713 3452 825 3517 eques,
