2370 3840
136 180 199 248 296
460 180 504 241 M
520 179 611 242 VAL.
628 131 871 240 mamimus

263 334 331 394 Non
347 335 409 393 erit
422 334 456 392 in
471 332 578 411 Stygia
592 332 696 391 notior
714 332 822 391 umbra
836 329 935 393 domo.

222 420 291 478 Non
306 414 408 476 aliena
420 415 522 495 videt,
545 414 602 475 sed
616 421 695 475 amat
709 416 898 495 Proserpina
910 420 1034 493 raptas:

263 501 325 561 lste
340 501 397 560 tibi
412 498 564 560 dominam
580 496 755 559 conciliavit
769 518 861 558 amor.
921 579 923 583 y

620 631 695 694 Llll.

221 745 344 805 Nummi
357 763 425 804 eum
439 745 497 805 tibi
511 746 574 805 siut
588 761 725 823 opesque
740 749 861 820 tantae,

224 830 358 906 Quantas
374 830 448 888 civis
462 830 574 906 habet,
597 827 749 905 Paterae,
770 846 874 903 rarus,

222 913 360 991 Largiris
372 910 452 972 nihil
467 913 657 990 incubasque
672 930 781 989 gazae,

221 997 265 1057 Ut
279 1014 405 1074 magnus
422 994 531 1071 draco,
555 1013 644 1072 quem
660 1000 773 1054 canunt
787 999 898 1075 poetae

202 1078 393 1141 ocurtodem
409 1078 547 1159 Scythici
560 1079 656 1138 fnisse
671 1077 744 1141 luci.

223 1163 287 1224 Sed
304 1183 408 1242 causa,
429 1171 464 1223 ut
480 1181 630 1222 memoras
645 1168 678 1220 et
694 1163 761 1241 ipse
775 1161 886 1238 iactas,

223 1249 316 1308 Dirae
330 1247 413 1308 iilius
429 1266 462 1307 es
477 1247 662 1327 rapacitatis.

222 1330 344 1411 Ecquid
358 1337 393 1391 tn
407 1333 508 1392 fatuos
522 1329 679 1409 rudesque
694 1329 832 1408 qnaeris,

223 1413 336 1475 illudas
354 1416 463 1494 quibus
479 1414 663 1494 auferasque
677 1412 836 1473 mentem?

182 1511 216 1561 lo
224 1500 304 1558 Huic
320 1517 444 1578 semper
458 1500 534 1559 vitio
548 1503 638 1578 pater
651 1498 747 1559 fuisti.

618 1630 696 1692 LlV.

225 1743 320 1804 Crine
335 1745 447 1821 ruber,
467 1744 557 1821 niger
572 1761 643 1820 ore,
664 1743 767 1803 brevis
781 1740 879 1822 pede,
901 1738 1018 1801 lumine
1032 1739 1159 1827 laesus,

264 1824 343 1885 Rem
356 1845 493 1904 magnam
507 1832 663 1907 praestas,
685 1824 793 1904 Zoile,
814 1828 841 1886 si
855 1827 953 1887 bonus
968 1842 1012 1888 ea.

630 1959 694 2021 LV.

228 2073 332 2133 Gratis
349 2071 401 2151 qui
418 2069 493 2130 dare
507 2091 561 2131 vos
575 2073 678 2149 iubet,
699 2069 838 2151 puellae,

225 2154 447 2216 Insulsissimus
462 2156 767 2235 improbissimnsque
783 2162 840 2219 est.

226 2241 332 2301 (iratis
347 2258 387 2299 ne
404 2237 492 2316 date,
513 2239 630 2299 basiate
647 2240 752 2317 gratis.

225 2325 293 2383 Hoc
308 2322 407 2401 Aegle
422 2327 530 2399 negat,
551 2322 611 2382 hoc
625 2343 713 2382 avara
726 2321 843 2384 vendit.
940 2359 942 2363 ·

189 2407 288 2484 5{Sed
301 2406 415 2466 vendat
429 2407 528 2483 bene,
550 2406 669 2466 basiare
686 2412 830 2484 quantum
845 2404 915 2464 esti

226 2491 294 2551 Hoc
308 2489 416 2552 vendit
432 2508 553 2568 quoque
568 2508 627 2549 nec
641 2487 703 2549 levi
720 2489 855 2570 rapina;]

225 2576 288 2634 Aut
300 2573 412 2636 libram
428 2574 508 2653 petit
519 2572 573 2632 illa
589 2573 760 2650 Cosmiani,

225 2659 289 2717 Aut
303 2659 392 2719 binos
408 2663 517 2736 quater
533 2675 641 2717 anona
654 2662 791 2715 moneta:

85 2818 89 2823 Ι
122 2816 127 2824 ι
226 2741 273 2801 Ne
288 2742 351 2800 sint
364 2742 449 2800 basia
463 2745 545 2800 muta
560 2758 618 2800 nec
634 2738 782 2817 maligna,

185 2824 290 2887 10Nec
306 2823 399 2884 clusis
419 2823 533 2884 aditum
547 2831 641 2903 neget
654 2822 789 2884 labellis.

225 2908 367 2968 Humane
381 2913 485 2967 tamen
498 2908 558 2968 hoc
571 2909 663 2987 facit,
686 2908 742 2969 sed
756 2927 863 2967 unumt

228 2991 332 3051 Gratis
348 3008 425 3068 qnae
442 2988 516 3050 dare
531 2993 648 3052 basium
661 2998 800 3070 recusat,

227 3073 331 3135 Gratis
344 3071 467 3150 lingere
482 3092 540 3134 nec
555 3082 680 3137 recusat
695 3075 803 3154 Aegle.
922 3118 925 3123 ·

624 3209 702 3273 LVl.

228 3318 381 3397 Aegrotas
394 3338 455 3381 uuo
474 3317 600 3380 deciens
615 3326 667 3380 aut
681 3322 802 3401 saepius
818 3339 913 3398 anuo,

102 3446 241 3616 Ἴ
268 3402 334 3464 Nec
347 3397 426 3484 tibi,
445 3401 502 3466 aad
519 3403 703 3483 nobishoc,
724 3404 946 3485 Polycharmo,
966 3406 1071 3466 nocet.
