2370 3840
129 207 192 275 130
453 210 496 271 M.
512 209 604 274 VAL.
619 209 844 270 MAR'IIALIS

191 364 256 425 5At
272 382 360 440 quam
375 381 436 421 non
451 363 595 440 tetricus,
619 382 708 442 quam
723 361 806 423 nulla
819 362 943 424 nubilus
959 366 1021 443 ira,

257 448 354 522 Quam
366 444 490 526 placido
504 451 626 505 nostras
642 445 763 525 legerat
779 465 833 506 ore
846 449 973 526 preces!

215 529 302 591 'I‘alis
317 529 507 610 supplicibus
521 530 631 589 tribuIt
647 529 819 591 diademata
835 531 925 591 Dacis

254 615 296 675 Et
310 612 499 694 Capitoliuas
515 615 602 692 itque
616 614 762 693 reditque
776 615 848 676 vias.

213 699 269 757 Dic
283 717 410 779 precor,
431 718 448 758 o
464 699 564 757 nostri
580 697 630 756 dic
646 701 767 758 conscia
782 699 868 777 virgo
884 698 1053 778 Tonantis,

172 794 206 846 10
255 782 289 842 si
302 789 395 861 negat
408 784 467 842 boc
481 781 582 859 voltu,
603 801 662 860 quo
678 782 757 843 solet
773 801 847 860 ergo
864 781 961 842 dare?

213 866 265 927 sic
280 885 352 946 ego:
375 869 420 926 sic
432 866 570 925 breviter
586 867 687 944 posita
705 867 781 926 mihi
796 867 942 945 Gorgone
955 864 1072 926 Pallas:

254 950 361 1030 „Quae
376 948 512 1009 nondum
527 948 597 1009 data
612 957 699 1028 sunt,
721 950 831 1029 stulte,
853 956 964 1029 negata
977 951 1112 1030 putarim

625 1090 675 1152 XI.

214 1201 303 1281 Quod
317 1223 379 1262 nou
394 1203 435 1262 sit
449 1199 582 1282 Pylades
596 1204 655 1263 hoc
668 1209 825 1283 tempore,
846 1222 908 1262 non
923 1204 963 1264 sit
978 1203 1125 1286 Orestes,

256 1287 406 1348 Miraris?
433 1286 582 1366 Pylades,
601 1287 726 1365 Marce,
748 1288 874 1347 bibebat
887 1286 986 1367 idem,

213 1371 279 1434 Nec
294 1370 405 1432 melior
418 1372 506 1452 panis
520 1370 668 1432 turdusve
683 1371 811 1431 dabatur
827 1370 973 1450 Orestae,

256 1455 320 1515 Sed
333 1475 389 1535 par
406 1460 497 1535 atque
513 1454 620 1516 eadem
635 1474 710 1515 cena
726 1454 844 1516 duobus
859 1461 934 1516 erat.

193 1538 266 1619 bTu
281 1539 415 1598 Lucrina
428 1558 534 1616 voras,
553 1559 603 1599 me
617 1540 716 1618 pascit
730 1559 843 1618 aquosa
857 1539 995 1599 Peioris:

256 1621 325 1682 Non
338 1622 438 1681 minus
452 1623 586 1700 ingenua
601 1635 649 1682 est
664 1623 801 1700 etmihi,
824 1623 947 1701 Marce,
970 1622 1047 1701 gula.

215 1706 263 1766 'Ie
279 1702 413 1766 cadmea
430 1704 549 1783 Tyros,
569 1724 618 1765 me
631 1707 753 1786 pInguis
770 1704 872 1767 Gallia
885 1707 992 1765 vestit:

255 1789 312 1852 Vis
324 1796 357 1848 te
371 1805 576 1869 purpureum,
596 1790 721 1868 Marce,
744 1795 864 1869 sagatus
879 1791 997 1849 amem?

213 1875 256 1936 Ut
269 1874 424 1953 praestem
438 1869 594 1952 Pyladen,
617 1871 728 1952 aliquis
743 1875 818 1933 mihi
830 1879 971 1954 praestet
986 1875 1130 1940 Oresten.

172 1970 207 2022 10
254 1958 323 2019 Hoc
336 1977 398 2016 nou
412 1957 448 2017 tit
461 1959 579 2035 verbis,
597 1956 725 2018 Marce:
746 1965 781 2018 ut
795 1959 922 2038 ameris,
941 1979 1014 2019 ama.

619 2092 682 2154 XII.

213 2207 297 2267 Iurat
311 2204 439 2286 capillos
458 2224 544 2286 esse,
567 2226 642 2286 quos
658 2207 749 2285 emit,
770 2224 841 2266 snos
910 2196 917 2207 ’

212 2289 358 2351 Fabulla:
381 2290 544 2370 numquid,
565 2287 712 2370 †Paule,
732 2289 875 2370 peierati

611 2423 760 2486 xm„

214 2534 289 2611 Quis
304 2541 337 2594 te
352 2533 498 2594 Phidiaco
513 2533 690 2613 formatam,
711 2531 803 2611 Iulia,
827 2532 928 2612 eaelo,

256 2615 318 2680 vel
333 2620 400 2696 quis
415 2615 574 2678 Palladiae
588 2637 651 2678 nou
665 2623 754 2696 putet
769 2617 844 2675 artis
859 2617 958 2696 opus?

216 2700 354 2763 Candida
368 2721 430 2761 non
445 2702 538 2761 tacita
551 2700 721 2782 respondet
737 2701 869 2779 Imagiue
882 2699 994 2780 lygdos

256 2786 297 2848 Et
310 2785 432 2867 placido
448 2783 548 2865 fulget
562 2787 646 2847 vivus
661 2787 693 2846 in
708 2804 763 2846 ore
777 2781 890 2864 liquor.

192 2869 309 2931 bLudit
322 2868 478 2948 Acidalio,
501 2869 633 2930 sednon
650 2889 755 2930 manns
771 2887 895 2949 aspera,
916 2867 1015 2947 nodo,

258 2953 356 3030 Quem
370 2954 472 3032 rapuit
486 2953 584 3033 collo,
607 2973 701 3035 parve
717 2952 853 3034 Cupido,
875 2959 940 3016 tuo.

215 3039 258 3102 Ut
272 3038 384 3098 Martis
397 3043 561 3097 revocetur
576 3059 661 3099 amor
675 3039 845 3116 summique
861 3036 1029 3113 Tonantis,

256 3123 283 3182 A
298 3128 330 3181 te
347 3121 420 3181 luno
435 3126 522 3200 petat
537 3128 644 3182 ceston
659 3129 691 3182 ct
706 3125 772 3203 ipsa
786 3122 902 3185 Venus.

606 3257 686 3318 XIV.

211 3369 329 3431 Versus
344 3370 483 3430 seribere
498 3387 590 3449 posse
604 3374 637 3428 te
654 3368 788 3429 disertos

48 3454 99 3630 ἱ
212 3454 374 3535 Affirmas,
395 3453 524 3514 LaberI:
547 3451 621 3534 quid
634 3471 709 3532 ergo
723 3472 785 3513 non
806 3451 872 3513 viai
