2370 3840
322 198 662 262 EPiGRAMMATON
674 198 749 260 LiB.
765 200 817 261 iv.
1052 200 1094 264 93

536 346 614 408 XLI.

138 466 222 547 Quid
236 467 424 527 recitaturus
442 463 612 525 circumdas
626 462 745 525 vellera
760 463 866 525 collo?

181 550 380 614 Conveniunt
393 550 509 609 nostris
524 549 648 607 auribus
664 550 723 607 ista
739 551 843 627 magis.

531 682 622 744 XLII.

139 798 174 858 Si
188 797 257 875 qnia
274 796 358 856 forte
372 795 447 854 mibi
460 796 559 874 possit
572 800 732 873 praestaro
746 796 884 873 roganti,

182 878 280 958 dudi,
302 896 391 958 quem
407 896 553 958 puerum,
573 877 704 955 Flacce,
726 896 837 956 rogare
851 877 953 942 velim.

139 964 265 1026 Niliacis
278 964 410 1043 primum
424 980 502 1041 pner
520 963 571 1021 hic
586 968 728 1021 nascatur
746 963 779 1020 iu
794 963 871 1021 oris:

181 1046 343 1130 Nequitias
358 1043 453 1113 tellus
471 1046 530 1105 scit
545 1045 619 1105 dare
634 1044 719 1107 nulla
733 1046 838 1123 magis.

118 1133 191 1194 §Sit
203 1132 273 1190 nive
288 1128 465 1190 candidior:
485 1148 615 1208 namque
630 1130 663 1188 iu
677 1128 855 1190 Mareotide
869 1131 956 1189 fusca

181 1213 348 1276 Pulchrior
363 1221 427 1292 est,
449 1221 561 1292 quanto
575 1214 676 1273 rarior
689 1215 750 1273 iate
766 1211 862 1273 color.

139 1300 269 1360 Lumina
283 1297 437 1358 sideribus
452 1304 575 1356 certent
589 1294 761 1375 mollesque
776 1295 938 1376 flagellent

182 1380 273 1444 (iolla
288 1400 407 1442 comae:
429 1388 527 1440 tortas
541 1400 602 1439 non
619 1400 703 1466 amo,
721 1379 850 1458 Placce‚
873 1400 983 1444 comas.

138 1466 241 1528 Frons
256 1467 359 1526 brevis
375 1474 466 1543 atque
481 1463 589 1523 modus
602 1462 717 1524 leviter
732 1465 773 1524 sit
788 1465 914 1524 naribus
929 1466 1032 1542 uncis,

96 1564 133 1614 lt)
182 1551 342 1623 Paestanis
359 1550 490 1608 rubeant
505 1547 625 1607 aemula
637 1546 725 1608 labra
741 1549 838 1626 rosis,

140 1630 240 1715 Sa'epc
255 1642 288 1694 et
301 1630 460 1692 nolentem
469 1641 564 1711 cogat
577 1631 719 1710 nolitque
733 1630 905 1710 volentem,

180 1719 325 1778 Liberior
341 1715 463 1776 domino
478 1734 570 1796 saepe
585 1717 626 1776 sit
638 1714 696 1776 ille
713 1736 785 1791 suo;

137 1802 182 1864 Et
195 1803 304 1863 timeat
317 1819 449 1881 pueros,
470 1798 613 1860 excludat
627 1818 720 1880 saepe
735 1798 873 1879 puellas:

180 1886 239 1949 Vir
252 1881 398 1963 reliquis,
419 1885 472 1943 uni
487 1885 527 1944 sit
539 1902 619 1965 puer
631 1882 689 1943 ille
704 1884 788 1943 mihi.

96 1969 221 2050 15„lam
232 1970 308 2046 scio,
323 1986 381 2027 nec
392 1966 502 2027 falles:
517 1988 585 2027 nam
599 1986 648 2027 me
661 1985 783 2046 quoqne
798 1967 900 2027 iudice
913 1985 1018 2027 verum
1030 1973 1078 2026 est

181 2050 269 2114 Talia
287 2052 375 2112 erat“
390 2050 468 2111 dicia
483 2058 612 2129 „noster
627 2052 860 2112 Amazonicus.“

522 2183 626 2247 XLIII.

136 2295 206 2358 Non
222 2296 301 2376 dixi,
324 2298 491 2376 Coracine,
511 2307 544 2357 te
559 2297 736 2358 cinaedum:

137 2382 208 2443 Non
222 2401 288 2442 sum
302 2389 364 2442 tarn
379 2383 563 2442 temerarius
576 2401 635 2441 nec
650 2381 763 2459 audax,

136 2468 203 2529 Nec
216 2465 376 2526 mendacia
391 2467 443 2545 qui
459 2464 571 2545 loquar
585 2464 732 2530 libenter.

138 2550 172 2609 Si
186 2549 267 2628 dixi,
290 2551 458 2626 Coracine,
479 2559 512 2610 te
528 2549 704 2628 cinaedum,

117 2635 251 2697 51ratam
266 2634 341 2694 mihi
357 2633 488 2694 Pontiae
500 2634 657 2714 lagonam,

136 2718 251 2778 lraturn
268 2716 397 2778 calicem
410 2720 485 2779 mihi
501 2718 620 2779 Metili:

135 2802 206 2862 loro
220 2821 279 2882 per
293 2803 400 2882 Syrios
414 2804 471 2862 tibi
486 2811 640 2880 tumores,

136 2886 208 2946 luro
223 2906 282 2966 per
296 2887 500 2965 Berecyntios
517 2887 651 2948 furores.

136 2970 228 3046 Quod
243 2969 306 3030 dixi
321 2979 441 3049 tamen,
459 2972 519 3030 hoc
535 2969 605 3030 leve
621 2977 654 3029 et
665 2967 827 3048 pusillum,

95 3054 227 3130 loQuod
241 3063 348 3115 notum
365 3062 429 3132 est,
452 3053 535 3134 quod
549 3066 582 3113 et
596 3057 665 3134 ipse
679 3073 741 3113 non
755 3052 899 3131 negabis,

134 3139 206 3199 Dixi
219 3148 269 3219 te,
291 3140 459 3217 concine,
481 3137 700 3216 cunniiingum.

135 3371 197 3431 liic
215 3338 265 3430 est
278 3372 449 3450 pampineis
463 3273 676 3430 viridxldldodo
690 3369 820 3434 Vesvius
834 3370 965 3446 umbris,

180 3454 345 3514 Presserat
358 3457 411 3515 iric
424 3453 565 3515 madidos
581 3455 698 3516 nobilis
709 3475 771 3514 ura
778 3453 885 3514 lucus.
