2370 3840
105 215 170 280 290
424 215 469 277 Μ.
487 215 580 280 vni..
597 215 825 276 MARTIALIS

149 378 182 431 15
190 368 332 447 Quamvi
346 387 408 427 nou
423 367 544 428 modico
561 366 683 428 caleant
696 366 871 450 spectacula
885 367 970 450 sole,

233 451 313 516 Vela
326 451 535 530 reducuntur,
558 470 626 512 cnm
639 455 724 513 veuit
737 454 961 532 Hermogenes.

190 538 354 598 Festinant
368 535 485 617 trepidi
500 537 713 616 substringere
728 540 853 597 carbasa
865 544 995 618 nautae,

233 619 283 680 Ad
296 625 421 701 portum
436 622 579 699 quotiens
593 623 696 700 paruit
710 623 934 700 Hermogenes.

190 705 330 783 Linigeri
343 705 466 783 lugiunt
481 703 557 763 calvi
571 705 756 785 sistrataque
770 706 877 782 turba,

148 798 183 850 πθ
230 789 315 848 Inter
329 788 494 848 adorantes
509 807 577 848 cum
591 790 679 848 stetit
693 790 917 868 Hermogenes.

189 872 239 932 Ad
255 891 361 932 cenam
375 873 589 950 Hermogenes
604 893 741 957 mappam
758 892 820 932 non
839 871 942 934 attulit
957 892 1112 955 uuquam,

233 957 261 1016 A
275 975 352 1016 cena
366 973 495 1036 semper.
503 953 629 1016 rettulit
640 958 864 1036 Hermogenes.

581 1119 676 1179 XXX.

191 1235 315 1314 Siccus,
337 1237 458 1297 sobrius
474 1240 524 1296 est
537 1236 638 1316 riper3
662 1235 736 1315 quid
752 1236 790 1296 ad
805 1237 877 1296 me‘i

191 1320 319 1381 Servum
331 1321 376 1382 sic
391 1338 449 1399 ego
464 1318 574 1399 laudo,
596 1338 658 1380 non
674 1320 810 1381 amioum.

570 1468 679 1532 XXXI.

191 1579 260 1639 Hoc
274 1598 397 1659 nemus,
418 1581 453 1650 hi
466 1581 587 1658 fontes,
608 1583 691 1654 haec
700 1578 819 1641 textilis
833 1582 940 1641 umbra
955 1573 1060 1662 supini

232 1661 389 1740 Palmitis,
412 1665 471 1723 hoc
485 1667 591 1743 riguae
607 1663 724 1724 ductile
738 1666 853 1724 flumen
868 1682 981 1744 aquae,

189 1745 344 1826 Prataque
359 1765 418 1806 nec
433 1747 535 1807 bifero
550 1766 675 1808 cessura
688 1750 806 1809 rosaria
819 1748 933 1808 Paesto

232 1829 384 1911 Quodque
399 1832 480 1891 viret
494 1832 559 1891 iani
573 1850 696 1910 menae,
718 1851 778 1892 nec
792 1830 877 1911 alget
890 1830 976 1909 olus3

169 1915 341 1994 5Quaeque
359 1921 444 1975 natat
459 1915 553 1977 clusis
569 1915 702 1994 anguilla
717 1915 886 1976 domestica
898 1915 1051 1998 lymphis,

232 2000 380 2080 Quaeque
397 2000 479 2079 gerit
494 2000 612 2062 similes
627 2000 756 2061 eandida
771 2002 867 2061 tur'ris
883 2019 969 2062 aves:

188 2083 321 2144 Munera
335 2091 407 2145 sunt
422 2084 576 2146 dominae:
597 2090 668 2166 post
682 2085 812 2166 septima
824 2082 922 2145 lustra
935 2102 1064 2147 reverso

231 2168 297 2227 Hos
314 2167 467 2229 Marcella
481 2168 563 2230 lares
578 2187 733 2250 parvaque
749 2187 845 2247 regua
859 2167 955 2230 dedit.

190 2250 224 2310 Si
240 2253 316 2312 mihi
330 2252 479 2313 Nausicaa
492 2255 610 2333 patrios
625 2251 815 2313 concederet
829 2254 954 2330 hortos,

149 2344 184 2396 10
234 2334 365 2396 Alcinoo
381 2355 504 2416 possem
520 2336 626 2397 dicere
642 2335 750 2415 „Malo
763 2336 881 2398 meos.“

568 2500 691 2564 XXXII.

190 2612 216 2672 0
229 2612 374 2672 luliarum
389 2611 525 2672 dedecus
537 2610 759 2690 Kalendarum,

189 2694 281 2774 Vidi,
303 2697 456 2775 Vacerra,
478 2696 613 2756 sarcinas
627 2701 711 2773 tuas,
733 2693 816 2770 vidi;

191 2779 272 2854 Quas
286 2799 348 2840 uon
363 2786 502 2842 retentas
516 2781 667 2860 pensione
682 2799 740 2859 pro
755 2781 837 2841 bima

95 2872 96 2875 ’
190 2861 339 2924 Portabat
352 2884 429 2925 uxor
443 2866 512 2926 rufa
526 2866 662 2925 crinibus
677 2870 798 2945 septem

167 2946 231 3008 elit
245 2966 313 3006 cum
332 2966 440 3009 sorore
456 2969 530 3009 esua
543 2955 643 3009 mater
657 2949 786 3027 ingenti.

187 3029 299 3091 Furias
312 3033 416 3110 putavi
430 3040 522 3093 nocte
534 3034 615 3094 Ditis
630 3051 774 3093 emersas.

189 3116 254 3175 llas
268 3120 302 3174 tu
315 3116 438 3196 priores
452 3118 572 3194 frigore
588 3124 620 3178 et
633 3118 714 3177 lame
730 3118 830 3176 siccus

188 3200 231 3261 Et
244 3218 307 3258 non
321 3201 443 3260 recenti
457 3198 591 3280 pallidus
606 3203 700 3279 magis
715 3202 795 3260 buxo

188 3284 255 3344 Irus
269 3290 392 3345 tuorum
409 3290 582 3364 temporum
597 3285 787 3362 sequebaris.

147 3379 181 3430 10
187 3368 326 3447 Migrare
341 3367 452 3430 clivom
467 3366 615 3429 crederes
629 3369 796 3430 Aricinum.

59 3494 149 3620 ἱ
187 3452 255 3513 ibat
267 3455 368 3536 tripes
383 3455 527 3535 grabatus
542 3457 575 3512 et
588 3453 677 3533 bipes
692 3469 814 3531 mensa,
