2370 3840
346 191 683 255 EPIGRAMMA’ION
698 191 838 256 cmxl.
901 286 904 290 Ι
1044 189 1110 257 265

522 342 659 412 XXXIV.

150 447 254 507 Aedes
269 448 344 506 emit
357 448 459 526 Aper,
481 442 537 504 sed
553 460 628 521 quas
644 458 703 500 nec
717 445 829 500 noctua
842 441 939 502 vellet

194 532 273 590 Esse
288 550 374 605 suas3
397 528 474 588 adeo
488 528 578 604 nigra
591 530 741 602 vetusque
757 543 827 583 casa
840 531 898 587 est.

151 615 280 677 Vicinos
294 613 342 674 illi
356 611 472 673 nitidus
487 611 577 674 Maro
591 606 732 688 possidet
746 607 863 669 hortos.

193 700 325 759 Cenabit
339 696 438 774 belle,
459 713 521 754 non
535 692 686 753 habitabit
701 692 794 771 Aper.

522 826 646 888 XXXV.

152 929 277 1006 Ignotos
291 928 366 988 mihi
382 946 450 986 cum
464 943 555 987 voces
569 929 744 1001 trecentos,

152 1012 253 1086 Quare
269 1030 332 1071 non
348 1013 467 1071 veniam
481 1013 606 1070 vocatus
621 1006 659 1066 ad
675 1012 721 1085 te,

150 1095 279 1154 Miraris
295 1096 498 1174 quererisque
513 1091 689 1171 litigasque.

152 1179 242 1239 Solus
258 1198 351 1257 ceno,
372 1177 522 1255 Fabulle,
543 1196 606 1236 non
621 1174 768 1235 libenter.

517 1309 654 1370 XXXVI.

151 1423 245 1482 Gaius
260 1423 340 1481 hanc
353 1419 456 1481 lucem
471 1441 588 1501 gemma
602 1422 676 1481 mihi
690 1419 783 1481 lullus
797 1419 865 1480 alba

196 1505 319 1583 Signat,
340 1507 386 1583 io,
407 1507 486 1565 votIa
501 1504 661 1583 redditus,
684 1522 773 1582 ecce,
796 1505 881 1564 meis.

152 1589 343 1667 Desperasse
357 1590 440 1650 iuvat
453 1587 549 1649 veluti
563 1590 623 1650 iam
637 1594 728 1670 rupta
742 1607 882 1648 sororum

193 1672 280 1748 Fi1a3
301 1675 400 1733 minus
416 1674 552 1751 gaudent
566 1675 618 1753 qui
632 1674 765 1732 timuere
779 1670 868 1731 nihil.

131 1757 282 1836 5Hypne,
304 1756 381 1836 quid
393 1764 554 1839 expectas,
576 1757 688 1838 piger?
706 1754 880 1816 immortale
894 1753 1062 1815 Falernum

192 1839 319 1919 Funde,
341 1859 447 1901 senem
461 1848 594 1923 poscunt
606 1841 679 1902 tolia
693 1847 764 1901 vota
778 1840 895 1900 cadum.

153 1923 348 1997 Quincunces
365 1933 398 2009 et
412 1944 466 1985 sex
482 1927 609 2004 cyathos
622 1927 807 2003 bessemque
821 1926 975 2000 bibamus,

195 2007 294 2067 Garos
310 2008 411 2067 utfiat
423 2009 524 2068 lomus
540 2014 573 2067 et
588 2008 761 2083 Psoonuns.

512 2139 664 2203 XXXVII.

153 2248 260 2327 Zoile,
281 2249 355 2329 qnid
370 2256 436 2311 tota
450 2270 600 2331 gemmam
616 2253 822 2333 praecingere
837 2251 918 2311 libra

197 2333 245 2392 'I'e
259 2335 342 2393 iuvat
359 2341 392 2395 et
405 2337 550 2396 miserum
563 2336 698 2416 perdere
715 2334 927 2414 sardonycho?

153 2415 272 2477 Anulus
287 2419 347 2477 iste
362 2421 423 2480 tuis
436 2421 539 2480 fuerat
556 2419 647 2480 modo
662 2421 802 2479 cruribus
817 2424 913 2500 aptus.

194 2500 264 2587 N.⁰¹¹
280 2501 388 2563 eadem
402 2503 507 2583 digitis
520 2503 658 2585 pondera
675 2505 867 2563 conveniunt.

509 2652 673 2714 XXXVIII.

154 2759 255 2820 Mulio
273 2763 381 2839 viginti
397 2765 483 2823 venit
498 2764 588 2824 modo
604 2762 744 2840 milibus,
766 2761 855 2823 Aule.

196 2844 323 2905 Miraris
337 2847 471 2927 pretium
487 2852 548 2906 tam
564 2848 678 2924 grave‘.l
699 2844 810 2906 surdus
825 2853 901 2906 erat.

524 2979 661 3040 XXXIX.

156 3094 309 3152 Cunarum
324 3092 427 3152 fueras
441 3100 557 3170 motor,
580 3093 782 3172 Charideme,
803 3112 938 3154 mearum

195 3177 238 3235 Et
249 3178 339 3255 pueri
356 3181 458 3236 curtos
474 3177 673 3256 assiduusque
688 3196 800 3239 comes.

155 3257 217 3318 lam
231 3261 306 3318 mihi
320 3261 501 3338 nigrescunt
516 3267 605 3322 tonsa
620 3261 743 3322 sudaria
756 3263 852 3321 barba

199 3343 241 3401 Et
256 3345 397 3421 queritur
412 3342 508 3404 labris
521 3353 636 3425 puncta
649 3345 754 3426 puella
767 3345 857 3403 meis.

132 3423 221 3484 bsed
236 3427 293 3486 tibi
307 3446 369 3487 non
384 3428 468 3488 crevi
476 3451 485 3506 ;
500 3435 534 3490 te
547 3436 660 3492 noster
674 3427 949 3492 uibicusnama,
