2370 3840
318 214 657 275 EPlGRAMblATON
672 215 747 276 Lm.
764 214 802 276 X.
1016 208 1081 276 245

106 362 238 444 affidare
248 386 332 445 μου,
353 362 426 443 μέλι
442 384 524 443 μου,
547 359 635 444 ψυχή
651 384 719 443 μου
733 365 876 444 congeris
891 383 1006 445 usque,

168 453 231 512 l‘ro
246 451 360 531 pudor!
387 447 544 508 Hersiliae
558 450 633 508 rivis
647 456 681 509 et
696 450 836 526 Egeriae.

126 535 274 597 Lectulus
288 536 343 594 har
357 552 465 607 voces,
484 551 544 592 nec
558 531 691 593 lectulus
706 532 810 592 audiat
824 534 940 610 omnis,

169 619 233 680 Sed
250 637 340 698 quem
355 616 469 676 lascivo
483 618 592 676 stravit
605 618 700 676 amica
714 616 792 675 viro.

127 705 216 764 Scire
231 705 317 783 cupis
333 720 393 781 quo
407 707 490 760 casta
504 699 595 761 modo
610 707 748 762 matrona
761 697 915 779 loquaris:

88 800 120 850 1⁰
167 785 337 866 Numquid,
359 804 427 844 eum
441 785 568 861 criasus,
590 782 731 844 blandior
747 801 817 843 esse
852 782 942 843 otest

127 873 177 931 Tu
190 870 269 930 lieet
283 869 402 929 ediscas
417 874 513 928 totam
526 869 708 948 referasque
723 867 818 928 Corin
855 886 912 943 on,

170 955 240 1014 Nou
257 961 360 1013 tamen
375 953 514 1030 omnino,
536 950 657 1031 Laelia,
677 953 749 1012 Lais
764 951 836 1012 eris.

506 1086 614 1147 LXIX.

127 1201 280 1263 Custodes
296 1201 365 1280 das,
385 1199 490 1277 Polla,
511 1203 594 1279 viro,
616 1221 678 1261 non
693 1199 806 1279 accipis
820 1199 894 1279 ipsa.

168 1286 236 1345 Hoc
250 1291 300 1345 est
312 1303 439 1345 uxorem
455 1284 586 1360 ducere,
607 1282 712 1357 Polla,
733 1285 839 1342 virum.

519 1416 611 1478 Lxx.

129 1527 219 1604 Quod
235 1529 309 1586 mihi
323 1529 373 1586 vix
387 1546 464 1585 unus
480 1532 545 1587 toto
559 1526 641 1587 liber
656 1534 746 1588 exeat
760 1547 855 1606 anno,

168 1610 313 1671 Desidiae
329 1611 386 1670 tibi
401 1630 483 1688 sum,
507 1610 598 1671 docte
612 1613 734 1689 Potite,
756 1630 839 1675 reus.

126 1695 239 1754 Iustius
255 1700 286 1754 at
301 1699 414 1773 quanto
431 1695 563 1771 mirere,
586 1695 668 1774 quod
683 1702 772 1756 exeat
785 1715 880 1774 unus,

167 1779 324 1839 Labantur
338 1779 397 1838 toti
412 1797 479 1837 cum
495 1780 569 1838 mihi
586 1798 678 1859 saepe
694 1779 769 1841 dies.

102 1863 194 1923 5Non
211 1861 414 1923 resalutantes
428 1861 518 1922 video
532 1870 699 1924 nocturnus
714 1865 843 1937 amieos,
883 1860 887 1868 ’

168 1945 317 2006 Gratulor
332 1952 365 2005 et
379 1944 500 2019 multis3
521 1965 629 2023 nemo,
651 1947 771 2023 Potite,
794 1947 879 2007 mihi.

125 2029 213 2088 Nunc
227 2028 266 2087 ad
279 2029 439 2089 luciferam
453 2031 554 2106 signat
566 2048 633 2088 mea
647 2047 765 2106 gemma
779 2030 922 2102 Dianam,

170 2112 258 2171 Nunc
273 2129 321 2170 me
335 2114 434 2191 prima
450 2112 526 2187 sibi,
547 2130 627 2171 nunc
642 2113 701 2172 sibl
716 2113 822 2191 quinta
837 2111 927 2189 rapit.

127 2194 215 2255 Nunc
230 2193 338 2255 oousnl
353 2199 516 2274 praetorve
532 2201 620 2255 tenet
633 2193 827 2274 reducesque
843 2194 989 2269 choreae,

87 2291 119 2342 10
168 2278 301 2339 Auditur
316 2284 382 2338 tota
397 2296 489 2358 saepe
504 2285 597 2357 poeta
610 2278 670 2342 die.

126 2361 189 2422 Sed
204 2381 262 2423 neo
277 2362 431 2422 causidico
445 2363 544 2441 possis
560 2364 685 2442 impune
699 2380 829 2441 negare,

167 2446 233 2506 Neo
248 2448 274 2505 si
290 2453 321 2507 te
336 2447 446 2507 rhetor
458 2449 709 2524 grammaticusve
723 2453 849 2524 rogent:

126 2529 240 2590 Balnea
256 2537 328 2611 post
342 2531 490 2591 decimam
504 2530 584 2590 lasso
601 2537 783 2608 centumque
801 2535 948 2610 petuntur

169 2613 369 2690 Quadrantes.
395 2614 468 2674 Fiet
482 2614 621 2694 quando,
643 2615 762 2691 Potite,
784 2612 887 2674 libert

508 2747 614 2808 LXXI.

125 2857 271 2935 Quisquis
286 2856 369 2917 laeta
382 2860 443 2918 tuis
460 2864 493 2918 et
507 2877 576 2918 sera
590 2860 771 2939 parentibus
787 2864 874 2940 optas

166 2940 259 3018 Fata,
281 2943 406 3002 brevem
422 2941 543 3002 titulum
559 2943 719 3003 marmoris
734 2943 823 3004 huius
838 2962 912 3004 ama.

124 3023 274 3084 condidit
288 3025 346 3085 hac
362 3044 447 3085 caras
462 3024 578 3086 tellure
592 3027 733 3088 Rabirius
748 3029 885 3088 umbras:

164 3107 250 3167 Nulli
268 3114 352 3168 sorte
368 3110 471 3170 iacent
486 3108 664 3170 candidiore
681 3129 781 3175 renes.

99 3192 177 3251 5Bis
193 3211 247 3252 rex
262 3190 361 3253 lustra
376 3195 438 3253 tori
454 3213 514 3254 nox
529 3195 611 3254 mitis
627 3200 660 3254 et
672 3194 779 3257 ultima
793 3193 901 3271 elusit,
1016 3250 1020 3259 ,

166 3276 321 3337 Arserunt
335 3297 395 3336 uno
410 3278 521 3338 lunera
536 3279 608 3338 bina
623 3298 707 3358 rogo.

121 3358 188 3418 Hos
203 3367 304 3420 tamen
319 3367 355 3420 ut
368 3362 475 3440 primis
489 3369 593 3441 raptos
608 3364 667 3423 sibi
682 3363 803 3441 quaerit
816 3361 849 3420 in
863 3358 959 3420 annia.

164 3443 336 3522 improbius
351 3443 430 3504 nihil
444 3447 494 3505 his
509 3447 633 3506 fletibus
648 3464 717 3506 erre
731 3449 845 3526 potest.
