2370 3840
304 134 643 240 neronnmrinuon
658 177 731 240 nm.
748 179 799 242 lv.

70 335 276 399 15Armorum
291 330 363 407 Salo
381 337 571 413 temperator
587 331 696 399 ambit:

114 416 321 496 Tutelamque
341 417 514 495 chorosque
532 417 741 494 Rixamarum,

112 504 155 563 nt
169 501 306 562 convivia
320 499 401 560 festa
420 500 626 577 Carduarum,

112 587 263 648 litteriis
277 586 425 645 Peterum
440 587 519 644 rosis
535 585 715 660 rubentem,

112 672 217 750 Atque
233 670 358 747 antiqua
371 675 492 748 patrum
507 670 629 729 theatra
643 662 752 745 Rigas,

69 756 153 818 noEt
168 761 271 815 certos
284 751 384 813 iaculo
401 752 462 812 levi
480 752 596 829 Silaos,

115 839 330 918 Turgontique
343 835 429 896 lacus
444 838 669 914 Perusiaeque,

113 923 156 985 Et
170 941 282 1003 parvae
298 921 375 981 vada
389 941 466 1001 pura
481 921 682 998 Vetonissae,

114 1008 156 1067 Et
172 1013 309 1067 sanctum
323 1004 494 1066 Buradonis
508 1004 663 1082 ilicetum,

112 1092 176 1151 Per
191 1090 274 1170 qnod
288 1089 340 1150 vel
353 1091 442 1170 piger
457 1087 591 1149 ambulat
605 1091 720 1164 viator;

70 1176 153 1239 aaut
169 1193 246 1253 quae
260 1175 393 1234 fortibus
409 1173 523 1265 excolit
536 1175 672 1233 iuvencis

116 1260 234 1321 Curvae
249 1257 385 1338 Manliup
403 1279 473 1324 arm
488 1259 678 1320 Vativescae.

113 1345 199 1404 Haec
214 1351 275 1404 tarn
289 1345 419 1418 rustica,
444 1341 576 1401 delicate
592 1340 707 1416 lector,

112 1427 209 1488 Rides
223 1427 366 1487 nomina?
387 1426 490 1486 rideas
505 1424 622 1489 licebit.

113 1512 199 1572 Haeo
214 1517 276 1572 tarn
290 1513 405 1572 rustica
419 1509 515 1587 malo,
537 1529 625 1588 quam
639 1510 800 1574 Butuntos.

508 1672 586 1734 LVI.

112 1801 246 1862 Munera
261 1797 344 1878 quod
358 1800 484 1859 senibus
498 1797 660 1878 viduisque
674 1800 812 1876 ingentia
826 1799 923 1859 mittis

154 1885 211 1946 Vis
226 1891 258 1944 te
272 1884 465 1961 munificum,
488 1883 682 1962 Gargiliane,
703 1883 831 1942 vocem?

112 1967 274 2029 Sordidius
287 1966 367 2026 nihil
381 1973 445 2044 est,
468 1965 546 2026 nihil
562 1973 610 2027 est
623 1974 655 2027 te
670 1968 810 2047 spurcius
825 1987 902 2046 uno,

156 2052 216 2128 Qui
229 2057 319 2133 potes
336 2050 464 2111 insidias
482 2050 562 2111 dona
577 2070 687 2111 vocare
700 2058 778 2112 tuas.
928 2060 932 2068 '

89 2137 166 2197 {rSic
183 2135 278 2196 avidis
294 2134 386 2195 fallax
400 2134 542 2214 indulget
557 2137 694 2215 piscibus
712 2135 834 2212 hamus,

159 2218 279 2280 Callida
293 2222 337 2279 sic
353 2218 464 2280 stultas
480 2218 598 2299 decipit
613 2238 684 2279 esca
699 2219 795 2282 feras.

115 2303 197 2380 Quid
212 2304 252 2364 sit
265 2301 391 2382 largiri,
415 2302 490 2383 quid
504 2305 545 2363 sit
560 2302 694 2381 donare,
716 2302 851 2380 docebo,

156 2388 189 2448 Si
205 2389 322 2448 nescis:
346 2386 440 2466 dona,
464 2387 657 2466 Gargiliane,
679 2388 764 2449 mihi.

499 2551 590 2616 LVll.

111 2677 189 2736 Dum
205 2697 261 2737 nos
277 2675 389 2736 blanda
402 2685 513 2738 tenent
526 2677 632 2738 lascivi
646 2683 752 2754 stagna
765 2675 892 2736 Lucrini

153 2761 196 2823 Et
211 2781 288 2840 quae
302 2763 452 2842 pumiceis
466 2763 605 2822 fontibus
620 2767 707 2820 antra
722 2758 841 2836 calent,

112 2846 161 2906 Tu
177 2845 254 2906 colis
270 2848 365 2925 Argei
379 2865 524 2924 regnum,
546 2845 713 2921 Faustino,
736 2842 856 2920 coloni,

154 2930 220 3006 Quo
237 2936 270 2990 te
285 2932 333 2990 bis
349 2929 486 2990 decimus
501 2928 586 2989 ducit
601 2931 637 2989 ab
655 2930 732 2988 urbe
748 2927 834 3009 lapis.

87 3013 249 3074 6Horrida
264 3013 320 3074 sed
333 3016 457 3074 fervent
471 3014 616 3073 Nemeaei
629 3019 757 3092 pectora
770 3015 917 3094 monstri,

152 3098 218 3158 Nec
231 3099 306 3158 satis
321 3105 386 3175 est,
407 3100 496 3157 Baias
511 3099 582 3175 igne
598 3095 702 3157 calere
716 3100 782 3159 suo.

109 3181 194 3262 Ergo
212 3184 292 3242 sacri
306 3183 409 3242 fontes
424 3189 457 3242 et
470 3180 564 3241 litora
581 3188 667 3260 grata
680 3180 798 3259 valete,

153 3267 362 3347 Nympharum
375 3269 494 3346 pariter
508 3265 737 3345 Nereidumque
752 3265 868 3326 domus.

110 3349 285 3411 Herculeos
300 3350 395 3411 colles
414 3349 518 3430 gelida
531 3370 583 3409 vos
597 3351 713 3408 vincite
728 3351 850 3423 bruma,

67 3443 103 3496 10
151 3434 240 3494 Nunc
258 3435 431 3510 Tiburtinis
447 3434 549 3496 cedite
566 3435 748 3516 frigoribus.

101 3517 211 3578 Mans.
854 3515 878 3579 'l
