2370 3840
60 259 63 264 .
99 168 143 232 94
420 170 463 230 Μ.
479 169 571 232 VAL.
589 168 815 229 MARTlALlS

185 327 271 386 Haec
286 325 371 402 iuga,
393 342 483 402 quam
496 321 596 400 Nysae
612 318 708 381 colles
723 319 791 400 plus
806 321 945 380 bacchus
960 323 1087 402 amavit,

227 410 296 473 Hoc
311 425 411 486 nuper
428 403 782 483 Satyrimontededere
800 405 931 466 choros?

163 492 273 554 5Haec
287 491 422 554 Veneria
436 488 544 567 sedes,
565 487 797 548 Lacedaemone
812 488 929 566 gratior
943 485 1008 566 illi,

227 577 287 635 Hic
301 573 387 635 locus
402 571 558 633 Herculeo
574 573 697 631 numine
711 569 812 631 clarus
827 579 903 632 erat.

186 657 304 720 (iuncti
317 660 420 718 iacent
432 656 562 716 flammis
576 661 611 714 ct
625 656 708 714 tristi
723 656 824 714 mersit
837 652 955 714 favillae

226 743 292 803 Nec
306 741 411 822 superi
427 738 546 800 vellent
559 739 619 798 hoc
631 736 759 799 licuisse
774 739 842 799 sibl.

577 871 671 933 XLV.

185 987 272 1046 Haec
288 988 346 1048 tibi
359 1007 417 1067 pro
432 992 504 1045 nato
521 985 613 1067 plena
628 983 681 1045 dat
694 983 795 1046 laetus
810 1003 932 1063 acerra,

227 1069 370 1148 Phoebe,
391 1067 548 1130 Palatinus
566 1085 693 1129 munera
706 1067 909 1147 Parthenius,

185 1154 230 1215 Ut
243 1156 295 1233 qui
310 1157 409 1234 prima
422 1173 500 1214 novo
513 1155 614 1231 rignei
631 1154 839 1232 quinquennia
853 1151 970 1230 lustro,

227 1238 357 1319 Impleat
370 1240 545 1299 innumeras
560 1239 676 1308 Burrus
692 1234 896 1316 Olympiadas.

164 1321 250 1384 bFac
265 1330 334 1384 rata
347 1328 417 1383 vota
430 1322 544 1402 patria:
565 1323 609 1381 sic
624 1327 656 1381 te
673 1325 727 1380 tua
741 1319 849 1399 diligat
864 1319 956 1380 arb'or

228 1405 368 1466 Gaudeat
382 1412 416 1466 et
431 1411 516 1466 certa
529 1406 705 1492 virginitate
720 1424 824 1464 soror:

186 1488 342 1569 Perpetuo
358 1491 402 1550 sic
415 1491 494 1550 flore
508 1490 619 1567 mices,
639 1490 683 1548 sic
701 1487 835 1568 denique
849 1506 911 1547 non
926 1487 989 1546 sint

230 1573 307 1632 'l'am
321 1573 432 1652 longae
446 1572 586 1649 Rromlo,
611 1591 699 1651 quam
715 1574 788 1650 tibi,
810 1572 954 1648 Phoebe,
977 1587 1090 1630 comae.

362 1784 365 1793 ,
568 1718 674 1781 XLVI.

190 1828 362 1890 Saturnalia
377 1829 502 1891 divitem
517 1828 673 1891 Sabellum

186 1912 358 1975 Fecerunt:
379 1916 489 1975 merito
506 1920 605 1974 tumet
618 1912 775 1990 Sabellus,

186 1996 252 2059 Nec
268 2018 439 2078 quenquam
457 2003 544 2078 putat
564 2017 632 2059 esse
646 1997 866 2078 praedicatque

187 2082 272 2142 Inter
287 2083 456 2143 causidicos
470 2083 648 2143 beatiorem.

165 2167 256 2228 5Hos
270 2166 368 2228 fastus
381 2169 559 2245 animosque
575 2166 627 2226 dat
644 2164 769 2226 Sabello

189 2249 296 2312 Farris
311 2249 465 2311 semodiua
480 2251 631 2329 fabaeque
645 2251 765 2328 fresae,

190 2334 233 2395 lut
246 2335 324 2393 turia
340 2335 519 2414 piperisque
535 2341 602 2393 trea
619 2331 771 2417 selibrae,

188 2418 230 2479 Et
244 2417 395 2477 Lucanica
408 2422 517 2477 ventre
533 2437 600 2476 cum
614 2414 753 2495 Falisco,

188 2501 230 2559 llt
245 2501 326 2578 nigri
342 2500 419 2579 Syra
435 2498 550 2559 defruti
564 2498 692 2578 lagona,

147 2583 229 2647 rant
245 2583 321 2642 licus
335 2583 452 2663 Libyca
466 2581 568 2661 gelata
582 2589 663 2643 testa

189 2666 266 2738 Cum
280 2665 382 2727 bulbis
397 2664 595 2745 cochleiaque
610 2685 770 2746 caseoque.

188 2751 303 2811 Piceno
322 2768 444 2829 quoque
460 2752 544 2810 venit
559 2772 575 2810 a
591 2749 705 2812 cliente

188 2834 304 2894 Parcae
319 2833 429 2894 cistula
443 2853 504 2892 non
519 2854 612 2915 capax
627 2833 743 2914 olivae,

188 2918 230 2980 Et
245 2937 347 2977 crasso
360 2915 448 2996 flguli
462 2917 560 2997 polita
575 2917 661 2978 caelo

146 3011 180 3066 15
188 3001 369 3081 Septenaria
385 3001 538 3079 synthesis
556 3001 699 3081 Sagunti,

188 3085 344 3165 Hispanae
358 3083 476 3144 luteum
490 3088 577 3143 rotae
592 3092 731 3146 toreuma

187 3170 230 3232 nt
241 3168 303 3229 lato
318 3168 433 3228 variata
447 3186 555 3246 mappa
570 3167 663 3233 clavo.

189 3252 362 3313 Saturnalia
375 3252 581 3312 fructuosiora

188 3337 287 3397 Annia
301 3356 363 3396 non
377 3336 485 3396 habuit
499 3334 606 3394 decem
620 3330 772 3395 Sabellus.
