2370 3840
142 181 184 247 20
466 181 510 242 Μ.
527 181 619 242 VAL.
636 177 863 240 MAR'l'lALIS

633 380 698 444 XL.

142 460 180 550 U,
228 497 287 574 Qui
302 495 389 557 ducis
402 493 504 556 voltus
522 498 555 553 et
571 514 634 554 non
647 493 727 573 legis
742 494 802 559 ista
818 491 972 572 libenter,

269 580 417 641 Omnibus
431 577 585 657 invideas,
606 577 720 657 livide,
740 596 832 663 nemu
847 578 915 638 tibi.
1006 653 1010 660 Ι

626 712 703 775 XLl.
822 755 824 760 ·

225 825 369 888 Urbanus
383 828 459 904 tibi,
481 825 616 907 Caeclli,
637 827 761 888 videris.

226 908 295 969 Non
310 928 360 989 es,
382 909 477 971 crede
491 912 575 973 mihi.
607 911 690 989 Quid
707 912 804 989 ergo?
825 928 935 989 verua,

227 994 296 1054 Hoc
312 994 395 1073 quod
409 997 649 1056 transtiberinus
665 994 855 1074 ambulator,

227 1078 287 1153 Qui
301 1076 452 1159 pallentia
466 1078 646 1161 sulphurata
660 1080 769 1140 fractis

207 1162 390 1222 bPermutat
401 1163 528 1241 vitreis,
550 1163 633 1243 quod
647 1166 765 1225 otiosae

227 1245 345 1307 Vendit
360 1248 413 1326 qui
426 1247 581 1314 madidum
596 1249 680 1309 cicer
695 1265 844 1324 coronae,

227 1329 317 1406 Quod
331 1337 434 1392 custos
449 1331 652 1412 dominusque
666 1333 858 1412 viperarum,

227 1413 317 1488 Quod
331 1413 410 1475 viles
424 1417 515 1496 pueri
528 1413 726 1494 salariorum,

227 1495 317 1571 Quod
330 1497 479 1561 fumantia
494 1502 546 1577 qui
559 1499 692 1560 tomacla
707 1518 816 1560 raucus

185 1592 220 1644 10
229 1581 418 1643 Circumfert
432 1582 547 1662 tepidis
562 1603 654 1643 cocus
667 1584 808 1664 popinis,

229 1663 319 1740 Quod
335 1683 397 1726 nun
412 1667 545 1747 optimus
560 1667 685 1727 urbicus
700 1672 808 1746 poeta,

229 1748 319 1824 Quod
332 1747 372 1810 de
388 1748 525 1811 Gadibus
538 1751 698 1830 improbus
712 1749 870 1829 magister,

228 1832 318 1908 Quod
334 1835 431 1895 bucca
445 1840 493 1895 est
510 1832 605 1894 vetuli
620 1833 708 1894 dicax
721 1831 852 1893 cinaedi.

229 1917 331 1994 Quare
348 1917 457 1978 desine
470 1919 531 1978 iam
544 1919 602 1978 tibi
617 1916 717 1978 videri

185 2000 316 2079 15Quod
331 2000 391 2062 soli
404 2004 478 2080 tibi,
499 2001 634 2081 caecili,
654 2001 787 2080 rideris,

232 2088 291 2161 Qui
306 2086 444 2148 Gabbam
459 2085 574 2147 salibus
589 2087 650 2147 tuis
666 2093 698 2146 et
712 2087 813 2167 ipsum

230 2171 343 2232 Posses
357 2172 483 2232 vincere
499 2170 640 2232 Tettium
654 2167 822 2232 Cuballum.

228 2254 297 2315 Non
315 2256 486 2336 cuicunque
501 2255 604 2315 datum
619 2256 798 2316 esthabere
812 2270 933 2313 nasum:

227 2338 322 2399 Ludit
336 2341 389 2417 qul
403 2338 516 2400 stolida
530 2339 735 2417 procacitate,

185 2422 295 2484 20Ncn
310 2428 360 2482 est
374 2422 498 2482 Tettius
511 2419 586 2498 ille,
608 2419 664 2481 sed
679 2416 824 2480 caballus.

623 2567 714 2628 XLll.
761 2620 766 2631 .

230 2682 377 2761 Coniugis
393 2680 530 2742 audisset
544 2681 641 2741 fatum
656 2698 724 2739 cum
737 2677 850 2738 Porcia
861 2677 951 2738 Bruti

269 2767 312 2828 Et
326 2767 483 2827 subtracta
497 2767 557 2826 sibi
573 2768 741 2846 quaereret
758 2782 841 2821 arma
855 2760 961 2838 dulor,

228 2849 394 2930 „Nondum
408 2849 517 2911 scitis“
531 2850 574 2909 ait
587 2853 741 2927 „mortem
756 2866 818 2907 unu
832 2865 924 2928 posse
939 2844 1071 2926 negari?

271 2932 489 3012 credideram,
508 2934 581 2993 faiis
595 2934 655 2992 hnc
670 2931 812 2993 docuisse
826 2931 978 3012 patrem.“

208 3019 316 3079 bliixit
331 3025 364 3078 et
378 3017 525 3096 ardentes
539 3015 627 3078 avido
643 3017 723 3078 bibit
738 3033 792 3076 ore
806 3012 944 3075 favillas:

271 3105 378 3163 luunc
394 3108 426 3163 et
440 3101 575 3179 ferrum,
597 3103 688 3161 turba
705 3099 853 3178 molesta,
872 3116 959 3177 nega.

112 3250 162 3370 ,s
615 3234 719 3296 xnul.

228 3346 281 3406 Bis
295 3347 353 3407 tibi
366 3347 481 3406 triceni
494 3345 624 3425 fuimus,
645 3347 808 3424 Manciue,
828 3344 930 3405 vocati

102 3476 124 3605 ι
270 3431 459 3514 lltpositum
474 3428 687 3495 estnobisnil
700 3431 777 3492 here
791 3435 918 3511 praeter
932 3448 1058 3512 aprum,
