2370 3840
100 185 163 249 236
421 181 467 243 Μ
482 181 574 244 VAL.
590 180 817 242 mutemus
874 185 893 193 ”

183 344 297 404 Omnes
315 331 480 414 Sulpiciam
494 331 601 411 legant
615 333 733 409 mariti,

181 427 243 487 Uni
257 423 310 504 qui
326 419 453 498 cupiunt
467 415 591 496 placere
605 422 729 496 nuptae.

159 511 251 572 5Non
270 508 347 566 huec
364 498 532 561 Colchidos
547 501 659 561 asserit
669 499 824 576 furorem,

179 594 248 650 Diri
265 583 394 667 prandia
408 602 467 645 nec
482 585 583 644 refert
598 584 773 662 'l'hyestae3

184 669 331 750 Scyllam,
351 666 482 747 Byblida
493 686 552 727 nec
567 668 662 726 luisse
679 665 795 745 credit,

183 753 247 814 Sed
261 759 361 813 castos
376 750 469 812 docet
483 757 516 811 et
529 753 598 831 pios
614 769 748 830 amores,

181 838 296 915 Lusus,
318 835 447 896 delicias
460 836 658 913 facetiaeque.

142 933 175 986 10
182 922 276 981 (iuius
292 921 428 979 carmina
445 920 497 997 qui
510 919 592 978 bene
606 917 793 994 aestimarit,

181 1003 301 1064 Nullam
317 1002 431 1062 dixerit
446 1019 515 1061 esse
530 1004 732 1079 sanctiorem,

181 1086 305 1147 Nullam
320 1085 434 1145 dixerit
448 1103 518 1145 esse
533 1086 723 1163 nequiorem.
749 1107 752 1112 ·

184 1171 278 1232 Tales
292 1170 425 1248 Egeriae
439 1170 525 1229 iocos
540 1169 636 1229 fuisse

182 1254 253 1315 Udo
270 1252 459 1315 crediderim
472 1253 589 1314 Numae
604 1254 660 1313 sub
676 1261 774 1316 antro.

141 1339 248 1401 i5Huc
263 1337 474 1419 condiscipula
487 1336 538 1398 vel
551 1339 609 1397 hac
623 1339 768 1416 magistra

181 1423 276 1482 Esses
291 1422 412 1482 doctior
427 1428 460 1482 et
474 1422 600 1502 pudica,
623 1423 762 1502 Sappho:

57 1562 61 1581 ,
184 1505 247 1564 Sed
262 1512 365 1565 tecum
379 1507 499 1584 pariter
514 1505 667 1584 simulque
681 1506 775 1566 visam

183 1590 285 1649 Durus
300 1589 467 1668 Sulpiciam
481 1589 591 1649 Phaon
604 1595 726 1649 amarat.

182 1671 328 1739 Frustra:
350 1690 482 1751 namque
499 1691 535 1731 ea
550 1690 608 1731 neo
623 1673 774 1731 'sonantis'
790 1691 883 1751 uror,

140 1756 247 1817 20Nec
260 1757 390 1832 Bacchi,
410 1773 469 1813 uec
484 1753 640 1834 Apollinis
657 1754 761 1835 puella

183 1841 303 1921 Erepto
318 1841 377 1900 sibi
392 1839 511 1899 viveret
525 1839 650 1900 Caleno.

551 1951 689 2036 xxxvi.

184 2086 326 2166 Improba
340 2084 498 2148 Massiliae
515 2084 666 2166 quidquid
680 2086 812 2146 fumaria
827 2092 954 2163 cogunt,

225 2171 348 2250 Accipit
361 2177 494 2231 aetatem
510 2172 648 2251 quisquis
663 2172 699 2231 ab
714 2171 786 2248 igne
803 2154 911 2246 cadus,

182 2254 273 2331 Ate,
294 2255 427 2332 Munna,
449 2257 561 2328 venite
572 2256 694 2314 miseris
711 2260 746 2313 tu
760 2254 857 2313 mittis
873 2253 978 2312 amicit

197 2405 199 2409 ‚
224 2338 286 2397 Per
300 2339 398 2417 ireta,
419 2358 478 2420 per
491 2337 600 2416 longas
614 2339 716 2397 toxica
729 2355 818 2397 saeva
832 2338 915 2411 vias3

160 2420 248 2483 5Nec
261 2422 345 2482 facili
361 2425 481 2502 pretio,
503 2421 559 2482 sed
574 2442 633 2501 quo
650 2428 795 2481 contenta
808 2419 936 2480 Falerni

225 2504 321 2566 Testa
335 2509 376 2566 rit
391 2514 442 2568 aut
457 2505 546 2566 cellis
561 2505 647 2565 Setia
661 2525 732 2565 cara
746 2506 817 2565 suis.

182 2588 251 2648 Non
265 2593 370 2649 venius
386 2609 481 2670 quare
496 2597 558 2649 tam
572 2588 665 2667 longo
679 2595 821 2669 tempore
836 2589 979 2662 Romam,

224 2671 310 2732 llaec
327 2680 402 2754 puto
418 2693 508 2734 causa
521 2674 580 2733 tibi
595 2679 643 2732 est
651 2717 659 2751 ,
681 2690 721 2732 ne
734 2679 788 2732 tua
800 2673 871 2732 vina
884 2671 982 2732 bibus.

543 2806 694 2869 XXXVII.

182 2917 261 2977 Iuris
277 2923 310 2977 et
325 2935 489 2995 aequarum
503 2919 603 2980 cultor
618 2917 810 2978 sanctissime
824 2916 944 2996 legum,
976 2915 979 2921 '

225 2999 373 3063 Veridico
388 3001 509 3064 Latium
524 3006 576 3083 qui
590 3004 674 3081 regis
690 3020 745 3061 ore
759 3002 877 3078 forum,

182 3085 351 3164 Municipi,
372 3084 533 3162 Materne,
552 3094 605 3146 tuo
620 3087 781 3165 veterique
797 3082 895 3144 sodali

226 3167 393 3229 Callaicum
409 3168 533 3228 mandas
550 3170 652 3248 siquid
666 3168 704 3229 ad
719 3170 890 3245 Oceanum,

161 3255 233 3315 5An
246 3253 436 3313 Laurentino
450 3258 558 3332 turpes
572 3254 605 3311 in
617 3251 712 3313 litore
727 3271 816 3312 ranas

223 3337 263 3399 Et
278 3339 372 3398 satius
385 3344 497 3398 tenues
512 3334 627 3396 ducere
642 3334 744 3397 credis
762 3354 848 3412 aeos,

182 3419 233 3482 Ad
246 3441 300 3482 sua
315 3423 466 3503 captivum
482 3440 572 3502 quum
586 3440 656 3481 saxa
669 3422 832 3481 remittere
844 3414 989 3496 mullum,
