<?xml version="1.0" encoding="UTF-8"?>
<!DOCTYPE html PUBLIC "-//W3C//DTD XHTML 1.0 Transitional//EN"
    "http://www.w3.org/TR/xhtml1/DTD/xhtml1-transitional.dtd">
<html xmlns="http://www.w3.org/1999/xhtml" xml:lang="en" lang="en">
 <head>
  <title>
</title>
<meta http-equiv="Content-Type" content="text/html;charset=utf-8" />
  <meta name='ocr-system' content='tesseract 3.04.00' />
  <meta name='ocr-capabilities' content='ocr_page ocr_carea ocr_par ocr_line ocrx_word'/>
</head>
<body>
  <div class='ocr_page' id='page_1' title='image "./epigrammatonlib00schngoog_0250.png"; bbox 0 0 2370 3840; ppageno 0'>
   <div class='ocr_carea' id='block_1_1' title="bbox 310 192 797 258">
    <p class='ocr_par' dir='ltr' id='par_1_1' title="bbox 310 192 797 258">
     <span class='ocr_line' id='line_1_1' title="bbox 310 192 797 258; baseline -0.004 0"><span class='ocrx_word' id='word_1_1' title='bbox 310 194 654 258; x_wconf 81' lang='lat' dir='ltr'>EPIGRAMMATCN</span> <span class='ocrx_word' id='word_1_2' title='bbox 668 192 742 256; x_wconf 90' lang='lat' dir='ltr'>LlB.</span> <span class='ocrx_word' id='word_1_3' title='bbox 761 195 797 256; x_wconf 88' lang='lat' dir='ltr'>X.</span> 
     </span>
    </p>
   </div>
   <div class='ocr_carea' id='block_1_2' title="bbox 105 345 902 677">
    <p class='ocr_par' dir='ltr' id='par_1_2' title="bbox 127 345 902 511">
     <span class='ocr_line' id='line_1_2' title="bbox 127 345 902 429; baseline -0.005 -19"><span class='ocrx_word' id='word_1_4' title='bbox 127 351 272 429; x_wconf 79' lang='lat' dir='ltr'>Quisquis</span> <span class='ocrx_word' id='word_1_5' title='bbox 287 351 349 411; x_wconf 86' lang='lat' dir='ltr'>eris</span> <span class='ocrx_word' id='word_1_6' title='bbox 364 350 465 409; x_wconf 88' lang='lat' dir='ltr'>nostri</span> <span class='ocrx_word' id='word_1_7' title='bbox 478 354 550 429; x_wconf 85' lang='lat' dir='ltr'>post</span> <span class='ocrx_word' id='word_1_8' title='bbox 564 365 613 407; x_wconf 94' lang='lat' dir='ltr'>me</span> <span class='ocrx_word' id='word_1_9' title='bbox 630 354 777 425; x_wconf 79' lang='lat' dir='ltr'>regnator</span> <span class='ocrx_word' id='word_1_10' title='bbox 792 345 902 426; x_wconf 80' lang='lat' dir='ltr'>agelli,</span> 
     </span>
     <span class='ocr_line' id='line_1_3' title="bbox 167 429 745 511; baseline -0.007 -17"><span class='ocrx_word' id='word_1_11' title='bbox 167 434 311 495; x_wconf 78' lang='lat' dir='ltr'>Manibus</span> <span class='ocrx_word' id='word_1_12' title='bbox 327 434 444 511; x_wconf 80' lang='lat' dir='ltr'>exiguis</span> <span class='ocrx_word' id='word_1_13' title='bbox 459 451 557 492; x_wconf 88' lang='lat' dir='ltr'>annua</span> <span class='ocrx_word' id='word_1_14' title='bbox 571 432 652 490; x_wconf 83' lang='lat' dir='ltr'>iusta</span> <span class='ocrx_word' id='word_1_15' title='bbox 666 429 745 490; x_wconf 92' lang='lat' dir='ltr'>dato.</span> 
     </span>
    </p>

    <p class='ocr_par' dir='ltr' id='par_1_3' title="bbox 105 513 853 677">
     <span class='ocr_line' id='line_1_4' title="bbox 105 513 853 598; baseline -0.008 -20"><span class='ocrx_word' id='word_1_16' title='bbox 105 518 182 578; x_wconf 69' lang='lat' dir='ltr'>usic</span> <span class='ocrx_word' id='word_1_17' title='bbox 198 516 265 576; x_wconf 90' lang='lat' dir='ltr'>lare</span> <span class='ocrx_word' id='word_1_18' title='bbox 280 524 452 598; x_wconf 86' lang='lat' dir='ltr'>perpetuo,</span> <span class='ocrx_word' id='word_1_19' title='bbox 474 518 519 575; x_wconf 89' lang='lat' dir='ltr'>sic</span> <span class='ocrx_word' id='word_1_20' title='bbox 532 516 624 574; x_wconf 89' lang='lat' dir='ltr'>turba</span> <span class='ocrx_word' id='word_1_21' title='bbox 638 515 754 592; x_wconf 88' lang='lat' dir='ltr'>sospite</span> <span class='ocrx_word' id='word_1_22' title='bbox 770 513 853 574; x_wconf 88' lang='lat' dir='ltr'>solus</span> 
     </span>
     <span class='ocr_line' id='line_1_5' title="bbox 167 598 746 677; baseline -0.01 -16"><span class='ocrx_word' id='word_1_23' title='bbox 167 600 297 662; x_wconf 80' lang='lat' dir='ltr'>Flebilis</span> <span class='ocrx_word' id='word_1_24' title='bbox 312 602 345 660; x_wconf 91' lang='lat' dir='ltr'>iu</span> <span class='ocrx_word' id='word_1_25' title='bbox 360 606 444 660; x_wconf 90' lang='lat' dir='ltr'>terra</span> <span class='ocrx_word' id='word_1_26' title='bbox 460 601 500 659; x_wconf 83' lang='lat' dir='ltr'>sit</span> <span class='ocrx_word' id='word_1_27' title='bbox 514 598 593 677; x_wconf 90' lang='lat' dir='ltr'>lapis</span> <span class='ocrx_word' id='word_1_28' title='bbox 610 599 671 656; x_wconf 90' lang='lat' dir='ltr'>iste</span> <span class='ocrx_word' id='word_1_29' title='bbox 686 605 746 656; x_wconf 91' lang='lat' dir='ltr'>tua.</span> 
     </span>
    </p>
   </div>
   <div class='ocr_carea' id='block_1_3' title="bbox 522 711 612 772">
    <p class='ocr_par' dir='ltr' id='par_1_4' title="bbox 522 711 612 772">
     <span class='ocr_line' id='line_1_6' title="bbox 522 711 612 772; baseline -0.011 -2"><span class='ocrx_word' id='word_1_30' title='bbox 522 711 612 772; x_wconf 87' lang='lat' dir='ltr'>LXll.</span> 
     </span>
    </p>
   </div>
   <div class='ocr_carea' id='block_1_4' title="bbox 86 808 886 1811">
    <p class='ocr_par' dir='ltr' id='par_1_5' title="bbox 86 808 886 1811">
     <span class='ocr_line' id='line_1_7' title="bbox 126 808 779 890; baseline 0.002 -21"><span class='ocrx_word' id='word_1_31' title='bbox 126 809 206 870; x_wconf 87' lang='lat' dir='ltr'>Ludi</span> <span class='ocrx_word' id='word_1_32' title='bbox 222 812 382 890; x_wconf 86' lang='lat' dir='ltr'>magister,</span> <span class='ocrx_word' id='word_1_33' title='bbox 403 829 497 889; x_wconf 84' lang='lat' dir='ltr'>parce</span> <span class='ocrx_word' id='word_1_34' title='bbox 514 808 645 889; x_wconf 89' lang='lat' dir='ltr'>simplici</span> <span class='ocrx_word' id='word_1_35' title='bbox 659 811 779 871; x_wconf 80' lang='lat' dir='ltr'><strong>turbae.</strong></span> 
     </span>
     <span class='ocr_line' id='line_1_8' title="bbox 127 891 716 974; baseline -0.003 -20"><span class='ocrx_word' id='word_1_36' title='bbox 127 895 179 953; x_wconf 86' lang='lat' dir='ltr'>Sic</span> <span class='ocrx_word' id='word_1_37' title='bbox 195 900 228 954; x_wconf 87' lang='lat' dir='ltr'>te</span> <span class='ocrx_word' id='word_1_38' title='bbox 241 895 425 974; x_wconf 86' lang='lat' dir='ltr'>frequentes</span> <span class='ocrx_word' id='word_1_39' title='bbox 441 893 565 953; x_wconf 85' lang='lat' dir='ltr'>audiant</span> <span class='ocrx_word' id='word_1_40' title='bbox 580 891 716 972; x_wconf 82' lang='lat' dir='ltr'>capillati</span> 
     </span>
     <span class='ocr_line' id='line_1_9' title="bbox 126 976 741 1058; baseline -0.002 -22"><span class='ocrx_word' id='word_1_41' title='bbox 126 980 168 1058; x_wconf 74' lang='lat' dir='ltr'>lit</span> <span class='ocrx_word' id='word_1_42' title='bbox 182 978 333 1038; x_wconf 77' lang='lat' dir='ltr'>delicatae</span> <span class='ocrx_word' id='word_1_43' title='bbox 349 976 458 1055; x_wconf 83' lang='lat' dir='ltr'>diligat</span> <span class='ocrx_word' id='word_1_44' title='bbox 473 979 584 1037; x_wconf 91' lang='lat' dir='ltr'>chorus</span> <span class='ocrx_word' id='word_1_45' title='bbox 600 994 741 1054; x_wconf 89' lang='lat' dir='ltr'>mensae,</span> 
     </span>
     <span class='ocr_line' id='line_1_10' title="bbox 126 1060 729 1139; baseline -0.002 -19"><span class='ocrx_word' id='word_1_46' title='bbox 126 1063 191 1122; x_wconf 92' lang='lat' dir='ltr'>Nec</span> <span class='ocrx_word' id='word_1_47' title='bbox 207 1060 390 1139; x_wconf 78' lang='lat' dir='ltr'>calculator,</span> <span class='ocrx_word' id='word_1_48' title='bbox 413 1079 472 1121; x_wconf 89' lang='lat' dir='ltr'>nec</span> <span class='ocrx_word' id='word_1_49' title='bbox 487 1062 625 1121; x_wconf 90' lang='lat' dir='ltr'>notarius</span> <span class='ocrx_word' id='word_1_50' title='bbox 639 1060 729 1120; x_wconf 84' lang='lat' dir='ltr'>velox</span> 
     </span>
     <span class='ocr_line' id='line_1_11' title="bbox 106 1144 745 1225; baseline -0.002 -19"><span class='ocrx_word' id='word_1_51' title='bbox 106 1146 249 1206; x_wconf 65' lang='lat' dir='ltr'>§Maiore</span> <span class='ocrx_word' id='word_1_52' title='bbox 266 1145 424 1225; x_wconf 90' lang='lat' dir='ltr'>quisquam</span> <span class='ocrx_word' id='word_1_53' title='bbox 439 1144 554 1205; x_wconf 87' lang='lat' dir='ltr'>circulo</span> <span class='ocrx_word' id='word_1_54' title='bbox 569 1149 745 1205; x_wconf 83' lang='lat' dir='ltr'>coronetur.</span> 
     </span>
     <span class='ocr_line' id='line_1_12' title="bbox 127 1226 711 1289; baseline -0.005 0"><span class='ocrx_word' id='word_1_55' title='bbox 127 1229 224 1289; x_wconf 85' lang='lat' dir='ltr'>Albae</span> <span class='ocrx_word' id='word_1_56' title='bbox 238 1229 332 1289; x_wconf 90' lang='lat' dir='ltr'>leone</span> <span class='ocrx_word' id='word_1_57' title='bbox 348 1231 488 1289; x_wconf 88' lang='lat' dir='ltr'>flammeo</span> <span class='ocrx_word' id='word_1_58' title='bbox 507 1228 609 1287; x_wconf 89' lang='lat' dir='ltr'>calent</span> <span class='ocrx_word' id='word_1_59' title='bbox 623 1226 711 1287; x_wconf 90' lang='lat' dir='ltr'>luces</span> 
     </span>
     <span class='ocr_line' id='line_1_13' title="bbox 127 1310 842 1392; baseline -0.003 -20"><span class='ocrx_word' id='word_1_60' title='bbox 127 1313 316 1392; x_wconf 88' lang='lat' dir='ltr'>Tostamque</span> <span class='ocrx_word' id='word_1_61' title='bbox 330 1313 455 1372; x_wconf 86' lang='lat' dir='ltr'>fervens</span> <span class='ocrx_word' id='word_1_62' title='bbox 470 1310 564 1371; x_wconf 90' lang='lat' dir='ltr'>Iulius</span> <span class='ocrx_word' id='word_1_63' title='bbox 582 1312 687 1390; x_wconf 89' lang='lat' dir='ltr'>coquit</span> <span class='ocrx_word' id='word_1_64' title='bbox 702 1327 842 1371; x_wconf 91' lang='lat' dir='ltr'>messem.</span> 
     </span>
     <span class='ocr_line' id='line_1_14' title="bbox 128 1392 766 1473; baseline -0.006 -18"><span class='ocrx_word' id='word_1_65' title='bbox 128 1396 249 1456; x_wconf 89' lang='lat' dir='ltr'>Cirrata</span> <span class='ocrx_word' id='word_1_66' title='bbox 262 1395 341 1454; x_wconf 89' lang='lat' dir='ltr'>loris</span> <span class='ocrx_word' id='word_1_67' title='bbox 355 1395 492 1455; x_wconf 86' lang='lat' dir='ltr'>horridis</span> <span class='ocrx_word' id='word_1_68' title='bbox 507 1394 641 1472; x_wconf 88' lang='lat' dir='ltr'>Scythae</span> <span class='ocrx_word' id='word_1_69' title='bbox 655 1392 766 1473; x_wconf 88' lang='lat' dir='ltr'>pellis,</span> 
     </span>
     <span class='ocr_line' id='line_1_15' title="bbox 129 1477 737 1558; baseline -0.003 -20"><span class='ocrx_word' id='word_1_70' title='bbox 129 1480 194 1555; x_wconf 78' lang='lat' dir='ltr'>Qua</span> <span class='ocrx_word' id='word_1_71' title='bbox 207 1478 360 1558; x_wconf 77' lang='lat' dir='ltr'>vapulavit</span> <span class='ocrx_word' id='word_1_72' title='bbox 374 1479 514 1556; x_wconf 83' lang='lat' dir='ltr'>Marsyas</span> <span class='ocrx_word' id='word_1_73' title='bbox 530 1477 737 1554; x_wconf 89' lang='lat' dir='ltr'>Celaenaeus,</span> 
     </span>
     <span class='ocr_line' id='line_1_16' title="bbox 86 1561 886 1643; baseline -0.005 -20"><span class='ocrx_word' id='word_1_74' title='bbox 86 1561 322 1643; x_wconf 82' lang='lat' dir='ltr'>10Fcrulaeque</span> <span class='ocrx_word' id='word_1_75' title='bbox 337 1563 461 1639; x_wconf 88' lang='lat' dir='ltr'>tristes,</span> <span class='ocrx_word' id='word_1_76' title='bbox 485 1568 608 1640; x_wconf 90' lang='lat' dir='ltr'>sceptra</span> <span class='ocrx_word' id='word_1_77' title='bbox 624 1562 886 1640; x_wconf 80' lang='lat' dir='ltr'>paedagogorum,</span> 
     </span>
     <span class='ocr_line' id='line_1_17' title="bbox 129 1644 791 1707; baseline -0.005 -1"><span class='ocrx_word' id='word_1_78' title='bbox 129 1648 261 1707; x_wconf 82' lang='lat' dir='ltr'>Cessent</span> <span class='ocrx_word' id='word_1_79' title='bbox 276 1653 308 1706; x_wconf 89' lang='lat' dir='ltr'>ct</span> <span class='ocrx_word' id='word_1_80' title='bbox 322 1644 392 1706; x_wconf 91' lang='lat' dir='ltr'>Idus</span> <span class='ocrx_word' id='word_1_81' title='bbox 408 1644 562 1705; x_wconf 87' lang='lat' dir='ltr'>dormiant</span> <span class='ocrx_word' id='word_1_82' title='bbox 575 1647 606 1704; x_wconf 91' lang='lat' dir='ltr'>in</span> <span class='ocrx_word' id='word_1_83' title='bbox 622 1644 791 1705; x_wconf 85' lang='lat' dir='ltr'>Octobres:</span> 
     </span>
     <span class='ocr_line' id='line_1_18' title="bbox 127 1727 775 1811; baseline 0 -22"><span class='ocrx_word' id='word_1_84' title='bbox 127 1732 254 1791; x_wconf 87' lang='lat' dir='ltr'>Aestate</span> <span class='ocrx_word' id='word_1_85' title='bbox 268 1731 359 1811; x_wconf 86' lang='lat' dir='ltr'>pueri</span> <span class='ocrx_word' id='word_1_86' title='bbox 373 1730 400 1788; x_wconf 92' lang='lat' dir='ltr'>si</span> <span class='ocrx_word' id='word_1_87' title='bbox 414 1727 533 1807; x_wconf 86' lang='lat' dir='ltr'>valent,</span> <span class='ocrx_word' id='word_1_88' title='bbox 555 1731 629 1789; x_wconf 91' lang='lat' dir='ltr'>satis</span> <span class='ocrx_word' id='word_1_89' title='bbox 645 1729 775 1790; x_wconf 91' lang='lat' dir='ltr'>discunt.</span> 
     </span>
    </p>
   </div>
   <div class='ocr_carea' id='block_1_5' title="bbox 511 1840 614 1902">
    <p class='ocr_par' dir='ltr' id='par_1_6' title="bbox 511 1840 614 1902">
     <span class='ocr_line' id='line_1_19' title="bbox 511 1840 614 1902; baseline 0.029 -3"><span class='ocrx_word' id='word_1_90' title='bbox 511 1840 614 1902; x_wconf 84' lang='lat' dir='ltr'>LXlll.</span> 
     </span>
    </p>
   </div>
   <div class='ocr_carea' id='block_1_6' title="bbox 128 1936 988 2265">
    <p class='ocr_par' dir='ltr' id='par_1_7' title="bbox 128 1936 988 2099">
     <span class='ocr_line' id='line_1_20' title="bbox 128 1936 988 2017; baseline 0 -23"><span class='ocrx_word' id='word_1_91' title='bbox 128 1938 280 1997; x_wconf 88' lang='lat' dir='ltr'>Marmora</span> <span class='ocrx_word' id='word_1_92' title='bbox 294 1958 387 2017; x_wconf 77' lang='lat' dir='ltr'>parva</span> <span class='ocrx_word' id='word_1_93' title='bbox 403 1936 543 2016; x_wconf 86' lang='lat' dir='ltr'>quidem,</span> <span class='ocrx_word' id='word_1_94' title='bbox 564 1938 697 1998; x_wconf 90' lang='lat' dir='ltr'>sednon</span> <span class='ocrx_word' id='word_1_95' title='bbox 712 1955 851 2014; x_wconf 88' lang='lat' dir='ltr'>cessura,</span> <span class='ocrx_word' id='word_1_96' title='bbox 872 1937 988 2011; x_wconf 89' lang='lat' dir='ltr'>viatur,</span> 
     </span>
     <span class='ocr_line' id='line_1_21' title="bbox 170 2019 773 2099; baseline 0 -19"><span class='ocrx_word' id='word_1_97' title='bbox 170 2019 304 2080; x_wconf 85' lang='lat' dir='ltr'>Mausoli</span> <span class='ocrx_word' id='word_1_98' title='bbox 320 2022 400 2080; x_wconf 81' lang='lat' dir='ltr'>saxis</span> <span class='ocrx_word' id='word_1_99' title='bbox 417 2021 670 2099; x_wconf 88' lang='lat' dir='ltr'>pyramidumque</span> <span class='ocrx_word' id='word_1_100' title='bbox 684 2019 773 2098; x_wconf 86' lang='lat' dir='ltr'>legis.</span> 
     </span>
    </p>

    <p class='ocr_par' dir='ltr' id='par_1_8' title="bbox 128 2102 879 2265">
     <span class='ocr_line' id='line_1_22' title="bbox 128 2102 879 2182; baseline -0.001 -20"><span class='ocrx_word' id='word_1_101' title='bbox 128 2105 180 2162; x_wconf 90' lang='lat' dir='ltr'>Bis</span> <span class='ocrx_word' id='word_1_102' title='bbox 196 2123 265 2163; x_wconf 92' lang='lat' dir='ltr'>mea</span> <span class='ocrx_word' id='word_1_103' title='bbox 278 2102 414 2163; x_wconf 90' lang='lat' dir='ltr'>Romano</span> <span class='ocrx_word' id='word_1_104' title='bbox 430 2110 569 2182; x_wconf 89' lang='lat' dir='ltr'>spectata</span> <span class='ocrx_word' id='word_1_105' title='bbox 584 2110 633 2163; x_wconf 86' lang='lat' dir='ltr'>est</span> <span class='ocrx_word' id='word_1_106' title='bbox 648 2105 710 2164; x_wconf 91' lang='lat' dir='ltr'>vita</span> <span class='ocrx_word' id='word_1_107' title='bbox 725 2102 879 2180; x_wconf 82' lang='lat' dir='ltr'>Tarento,</span> 
     </span>
     <span class='ocr_line' id='line_1_23' title="bbox 168 2185 831 2265; baseline 0.002 -19"><span class='ocrx_word' id='word_1_108' title='bbox 168 2188 210 2246; x_wconf 81' lang='lat' dir='ltr'>ut</span> <span class='ocrx_word' id='word_1_109' title='bbox 225 2185 304 2246; x_wconf 92' lang='lat' dir='ltr'>nihil</span> <span class='ocrx_word' id='word_1_110' title='bbox 320 2193 475 2246; x_wconf 80' lang='lat' dir='ltr'>extremos</span> <span class='ocrx_word' id='word_1_111' title='bbox 490 2185 629 2265; x_wconf 89' lang='lat' dir='ltr'>perdidit</span> <span class='ocrx_word' id='word_1_112' title='bbox 644 2192 715 2246; x_wconf 92' lang='lat' dir='ltr'>ante</span> <span class='ocrx_word' id='word_1_113' title='bbox 730 2205 831 2264; x_wconf 81' lang='lat' dir='ltr'>rogos.</span> 
     </span>
    </p>
   </div>
   <div class='ocr_carea' id='block_1_7' title="bbox 108 2267 1007 2349">
    <p class='ocr_par' dir='ltr' id='par_1_9' title="bbox 108 2267 1007 2349">
     <span class='ocr_line' id='line_1_24' title="bbox 108 2267 1007 2349; baseline -0.006 -18"><span class='ocrx_word' id='word_1_114' title='bbox 108 2272 275 2349; x_wconf 78' lang='lat' dir='ltr'>bQuinque</span> <span class='ocrx_word' id='word_1_115' title='bbox 292 2269 379 2329; x_wconf 90' lang='lat' dir='ltr'>dedit</span> <span class='ocrx_word' id='word_1_116' title='bbox 393 2287 524 2349; x_wconf 91' lang='lat' dir='ltr'>pueros,</span> <span class='ocrx_word' id='word_1_117' title='bbox 546 2269 676 2330; x_wconf 84' lang='lat' dir='ltr'>totidem</span> <span class='ocrx_word' id='word_1_118' title='bbox 692 2271 767 2329; x_wconf 89' lang='lat' dir='ltr'>mihi</span> <span class='ocrx_word' id='word_1_119' title='bbox 782 2270 855 2329; x_wconf 90' lang='lat' dir='ltr'>luno</span> <span class='ocrx_word' id='word_1_120' title='bbox 872 2267 1007 2349; x_wconf 86' lang='lat' dir='ltr'>puellas:</span> 
     </span>
    </p>
   </div>
   <div class='ocr_carea' id='block_1_8' title="bbox 128 2352 877 2612">
    <p class='ocr_par' dir='ltr' id='par_1_10' title="bbox 128 2352 877 2612">
     <span class='ocr_line' id='line_1_25' title="bbox 170 2352 841 2415; baseline 0.001 -2"><span class='ocrx_word' id='word_1_121' title='bbox 170 2354 337 2414; x_wconf 82' lang='lat' dir='ltr'>Cluserunt</span> <span class='ocrx_word' id='word_1_122' title='bbox 352 2372 458 2414; x_wconf 90' lang='lat' dir='ltr'>omnes</span> <span class='ocrx_word' id='word_1_123' title='bbox 472 2352 587 2414; x_wconf 91' lang='lat' dir='ltr'>lumina</span> <span class='ocrx_word' id='word_1_124' title='bbox 601 2361 707 2415; x_wconf 87' lang='lat' dir='ltr'>nostra</span> <span class='ocrx_word' id='word_1_125' title='bbox 725 2372 841 2414; x_wconf 88' lang='lat' dir='ltr'>manus.</span> 
     </span>
     <span class='ocr_line' id='line_1_26' title="bbox 128 2435 877 2518; baseline -0.003 -18"><span class='ocrx_word' id='word_1_126' title='bbox 128 2439 267 2517; x_wconf 83' lang='lat' dir='ltr'>Contigit</span> <span class='ocrx_word' id='word_1_127' title='bbox 282 2445 315 2498; x_wconf 92' lang='lat' dir='ltr'>et</span> <span class='ocrx_word' id='word_1_128' title='bbox 329 2437 456 2498; x_wconf 90' lang='lat' dir='ltr'>thalami</span> <span class='ocrx_word' id='word_1_129' title='bbox 471 2439 544 2497; x_wconf 93' lang='lat' dir='ltr'>mihi</span> <span class='ocrx_word' id='word_1_130' title='bbox 561 2437 659 2517; x_wconf 85' lang='lat' dir='ltr'>gloria</span> <span class='ocrx_word' id='word_1_131' title='bbox 673 2435 742 2498; x_wconf 78' lang='lat' dir='ltr'>rar&#39;a</span> <span class='ocrx_word' id='word_1_132' title='bbox 755 2438 877 2518; x_wconf 88' lang='lat' dir='ltr'>fuitque</span> 
     </span>
     <span class='ocr_line' id='line_1_27' title="bbox 167 2522 769 2612; baseline 0.002 -30"><span class='ocrx_word' id='word_1_133' title='bbox 167 2522 237 2612; x_wconf 85' lang='lat' dir='ltr'>Una</span> <span class='ocrx_word' id='word_1_134' title='bbox 251 2522 419 2603; x_wconf 89' lang='lat' dir='ltr'>pudicitiae</span> <span class='ocrx_word' id='word_1_135' title='bbox 435 2522 570 2582; x_wconf 88' lang='lat' dir='ltr'>mentula</span> <span class='ocrx_word' id='word_1_136' title='bbox 586 2530 659 2583; x_wconf 90' lang='lat' dir='ltr'>nota</span> <span class='ocrx_word' id='word_1_137' title='bbox 672 2541 769 2583; x_wconf 88' lang='lat' dir='ltr'>meae.</span> 
     </span>
    </p>
   </div>
   <div class='ocr_carea' id='block_1_9' title="bbox 509 2634 616 2698">
    <p class='ocr_par' dir='ltr' id='par_1_11' title="bbox 509 2634 616 2698">
     <span class='ocr_line' id='line_1_28' title="bbox 509 2634 616 2698; baseline 0 -5"><span class='ocrx_word' id='word_1_138' title='bbox 509 2634 616 2698; x_wconf 84' lang='lat' dir='ltr'><strong>LXIV.</strong></span> 
     </span>
    </p>
   </div>
   <div class='ocr_carea' id='block_1_10' title="bbox 106 2729 906 3230">
    <p class='ocr_par' dir='ltr' id='par_1_12' title="bbox 126 2729 875 2976">
     <span class='ocr_line' id='line_1_29' title="bbox 128 2729 832 2809; baseline 0 -19"><span class='ocrx_word' id='word_1_139' title='bbox 128 2730 305 2808; x_wconf 79' lang='lat' dir='ltr'>Contigeris</span> <span class='ocrx_word' id='word_1_140' title='bbox 319 2733 427 2809; x_wconf 80' lang='lat' dir='ltr'>regina</span> <span class='ocrx_word' id='word_1_141' title='bbox 443 2751 527 2791; x_wconf 90' lang='lat' dir='ltr'>meos</span> <span class='ocrx_word' id='word_1_142' title='bbox 543 2733 569 2791; x_wconf 89' lang='lat' dir='ltr'>si</span> <span class='ocrx_word' id='word_1_143' title='bbox 586 2730 677 2791; x_wconf 86' lang='lat' dir='ltr'>Polla</span> <span class='ocrx_word' id='word_1_144' title='bbox 689 2729 832 2808; x_wconf 88' lang='lat' dir='ltr'>libellos,</span> 
     </span>
     <span class='ocr_line' id='line_1_30' title="bbox 169 2813 853 2894; baseline 0.004 -22"><span class='ocrx_word' id='word_1_145' title='bbox 169 2813 239 2873; x_wconf 90' lang='lat' dir='ltr'>Non</span> <span class='ocrx_word' id='word_1_146' title='bbox 254 2816 365 2873; x_wconf 88' lang='lat' dir='ltr'>tetrica</span> <span class='ocrx_word' id='word_1_147' title='bbox 378 2821 501 2874; x_wconf 91' lang='lat' dir='ltr'>nostros</span> <span class='ocrx_word' id='word_1_148' title='bbox 517 2816 625 2894; x_wconf 81' lang='lat' dir='ltr'>excipe</span> <span class='ocrx_word' id='word_1_149' title='bbox 641 2817 745 2874; x_wconf 86' lang='lat' dir='ltr'>fronte</span> <span class='ocrx_word' id='word_1_150' title='bbox 760 2815 853 2876; x_wconf 90' lang='lat' dir='ltr'>iocos.</span> 
     </span>
     <span class='ocr_line' id='line_1_31' title="bbox 126 2889 875 2976; baseline 0 -20"><span class='ocrx_word' id='word_1_151' title='bbox 126 2896 183 2956; x_wconf 91' lang='lat' dir='ltr'>Ille</span> <span class='ocrx_word' id='word_1_152' title='bbox 200 2903 269 2956; x_wconf 91' lang='lat' dir='ltr'>tuus</span> <span class='ocrx_word' id='word_1_153' title='bbox 284 2903 386 2975; x_wconf 82' lang='lat' dir='ltr'>uates,</span> <span class='ocrx_word' id='word_1_154' title='bbox 408 2897 570 2958; x_wconf 89' lang='lat' dir='ltr'>Heliconis</span> <span class='ocrx_word' id='word_1_155' title='bbox 587 2896 684 2976; x_wconf 86' lang='lat' dir='ltr'>gloria</span> <span class='ocrx_word' id='word_1_156' title='bbox 698 2900 813 2976; x_wconf 82' lang='lat' dir='ltr'>nostri,</span> <span class='ocrx_word' id='word_1_157' title='bbox 871 2889 875 2898; x_wconf 71' lang='grc'><strong>’</strong></span> 
     </span>
    </p>

    <p class='ocr_par' dir='ltr' id='par_1_13' title="bbox 106 2981 906 3230">
     <span class='ocr_line' id='line_1_32' title="bbox 168 2981 779 3059; baseline 0 -19"><span class='ocrx_word' id='word_1_158' title='bbox 168 2982 272 3040; x_wconf 85' lang='lat' dir='ltr'>Pieria</span> <span class='ocrx_word' id='word_1_159' title='bbox 289 2987 415 3040; x_wconf 89' lang='lat' dir='ltr'>caneret</span> <span class='ocrx_word' id='word_1_160' title='bbox 430 3001 497 3040; x_wconf 91' lang='lat' dir='ltr'>cum</span> <span class='ocrx_word' id='word_1_161' title='bbox 512 2982 580 3040; x_wconf 86' lang='lat' dir='ltr'>iera</span> <span class='ocrx_word' id='word_1_162' title='bbox 594 2981 676 3040; x_wconf 92' lang='lat' dir='ltr'>bella</span> <span class='ocrx_word' id='word_1_163' title='bbox 689 2983 779 3059; x_wconf 90' lang='lat' dir='ltr'>tuba,</span> 
     </span>
     <span class='ocr_line' id='line_1_33' title="bbox 106 3063 807 3126; baseline 0 -2"><span class='ocrx_word' id='word_1_164' title='bbox 106 3065 196 3124; x_wconf 78' lang='lat' dir='ltr'>bNon</span> <span class='ocrx_word' id='word_1_165' title='bbox 213 3071 315 3124; x_wconf 92' lang='lat' dir='ltr'>tamen</span> <span class='ocrx_word' id='word_1_166' title='bbox 330 3067 453 3124; x_wconf 88' lang='lat' dir='ltr'>erubuit</span> <span class='ocrx_word' id='word_1_167' title='bbox 466 3065 580 3124; x_wconf 85' lang='lat' dir='ltr'>lascivo</span> <span class='ocrx_word' id='word_1_168' title='bbox 598 3063 703 3126; x_wconf 88' lang='lat' dir='ltr'>dicere</span> <span class='ocrx_word' id='word_1_169' title='bbox 716 3084 807 3125; x_wconf 84' lang='lat' dir='ltr'>versu</span> 
     </span>
     <span class='ocr_line' id='line_1_34' title="bbox 170 3147 906 3230; baseline 0.001 -22"><span class='ocrx_word' id='word_1_170' title='bbox 170 3148 225 3227; x_wconf 89' lang='lat' dir='ltr'>„Si</span> <span class='ocrx_word' id='word_1_171' title='bbox 238 3167 297 3208; x_wconf 88' lang='lat' dir='ltr'>nec</span> <span class='ocrx_word' id='word_1_172' title='bbox 310 3147 473 3230; x_wconf 78' lang='lat' dir='ltr'>paediam,</span> <span class='ocrx_word' id='word_1_173' title='bbox 497 3150 604 3227; x_wconf 90' lang='lat' dir='ltr'>Cotta,</span> <span class='ocrx_word' id='word_1_174' title='bbox 626 3148 700 3229; x_wconf 91' lang='lat' dir='ltr'>quid</span> <span class='ocrx_word' id='word_1_175' title='bbox 713 3151 764 3209; x_wconf 92' lang='lat' dir='ltr'>hic</span> <span class='ocrx_word' id='word_1_176' title='bbox 779 3147 906 3209; x_wconf 74' lang='lat' dir='ltr'>iacioi“</span> 
     </span>
    </p>
   </div>
   <div class='ocr_carea' id='block_1_11' title="bbox 509 3260 602 3323">
    <p class='ocr_par' dir='ltr' id='par_1_14' title="bbox 509 3260 602 3323">
     <span class='ocr_line' id='line_1_35' title="bbox 509 3260 602 3323; baseline -0.022 -4"><span class='ocrx_word' id='word_1_177' title='bbox 509 3260 602 3323; x_wconf 86' lang='lat' dir='ltr'>LXV.</span> 
     </span>
    </p>
   </div>
   <div class='ocr_carea' id='block_1_12' title="bbox 129 3359 760 3522">
    <p class='ocr_par' dir='ltr' id='par_1_15' title="bbox 129 3359 760 3522">
     <span class='ocr_line' id='line_1_36' title="bbox 129 3359 693 3440; baseline -0.004 -20"><span class='ocrx_word' id='word_1_178' title='bbox 129 3359 205 3420; x_wconf 88' lang='lat' dir='ltr'>Cum</span> <span class='ocrx_word' id='word_1_179' title='bbox 218 3365 251 3420; x_wconf 90' lang='lat' dir='ltr'>te</span> <span class='ocrx_word' id='word_1_180' title='bbox 265 3361 448 3440; x_wconf 89' lang='lat' dir='ltr'>municipem</span> <span class='ocrx_word' id='word_1_181' title='bbox 464 3359 693 3420; x_wconf 92' lang='lat' dir='ltr'>Corinthiorum</span> 
     </span>
     <span class='ocr_line' id='line_1_37' title="bbox 129 3439 760 3522; baseline 0.002 -21"><span class='ocrx_word' id='word_1_182' title='bbox 129 3442 244 3522; x_wconf 84' lang='lat' dir='ltr'>lactes,</span> <span class='ocrx_word' id='word_1_183' title='bbox 263 3444 487 3522; x_wconf 88' lang='lat' dir='ltr'>Charmeuion,</span> <span class='ocrx_word' id='word_1_184' title='bbox 508 3449 641 3522; x_wconf 83' lang='lat' dir='ltr'>negante</span> <span class='ocrx_word' id='word_1_185' title='bbox 657 3439 760 3520; x_wconf 90' lang='lat' dir='ltr'>nullo,</span> 
     </span>
    </p>
   </div>
   <div class='ocr_carea' id='block_1_13' title="bbox 818 3520 881 3584">
    <p class='ocr_par' dir='ltr' id='par_1_16' title="bbox 818 3520 881 3584">
     <span class='ocr_line' id='line_1_38' title="bbox 818 3520 881 3584; baseline 0 0"><span class='ocrx_word' id='word_1_186' title='bbox 818 3520 881 3584; x_wconf 82' lang='lat' dir='ltr'>lu*</span> 
     </span>
    </p>
   </div>
   <div class='ocr_carea' id='block_1_14' title="bbox 1021 193 1083 258">
    <p class='ocr_par' dir='ltr' id='par_1_17' title="bbox 1021 193 1083 258">
     <span class='ocr_line' id='line_1_39' title="bbox 1021 193 1083 258; baseline 0.032 -2"><span class='ocrx_word' id='word_1_187' title='bbox 1021 193 1083 258; x_wconf 73' lang='lat'>‘243</span> 
     </span>
    </p>
   </div>
   <div class='ocr_carea' id='block_1_15' title="bbox 0 0 1190 3840">
    <p class='ocr_par' dir='ltr' id='par_1_18' title="bbox 0 0 1190 3840">
     <span class='ocr_line' id='line_1_40' title="bbox 0 0 1190 3840; baseline 0 0"><span class='ocrx_word' id='word_1_188' title='bbox 0 0 1190 3840; x_wconf 95' lang='lat' dir='ltr'> </span> 
     </span>
    </p>
   </div>
  </div>
 </body>
</html>
