2370 3840
101 185 145 250 84
425 187 469 248 Μ.
484 187 575 250 vat.
591 186 816 247 MARTIALIS

188 339 263 415 Quis
279 338 370 398 siccis
382 336 505 398 lascivit
518 339 604 420 aquis
620 344 653 398 et
665 341 702 399 ab
718 341 846 401 aethere
860 339 963 403 ludit?

105 464 108 469 -
229 422 376 503 Suspicor
389 423 444 481 has
458 423 547 501 pueri
563 423 704 482 Caesaris
717 441 786 483 csse
800 425 895 486 nives.

596 555 647 617 lV.

187 651 277 730 Quod
292 655 391 713 siccae
406 650 530 711 redolet
543 649 631 731 palus
644 650 790 730 lacunar,

188 736 359 797 Crudarum
373 733 506 795 nebulae
524 732 606 813 quod
621 732 817 816 Albularum,

186 821 328 881 Piscrnae
344 828 432 881 vetus
447 838 520 879 aura
535 816 618 897 quod
631 820 784 899 marinae,

188 902 278 980 Quod
292 922 400 984 pressa
414 905 504 983 piger
519 902 624 961 hircus
638 904 670 962 in
685 900 822 982 capella,

168 987 277 1049 5Lassi
291 987 450 1048 vardaicus
466 984 548 1066 quod
563 988 697 1064 evocati,

190 1071 280 1148 Quod
293 1073 342 1131 bis
356 1073 473 1131 murice
490 1069 588 1130 vellus
603 1071 811 1150 inquinatum,

88 1201 89 1206 η
188 1154 280 1232 Quod
292 1156 408 1215 ieiunia
422 1154 679 1232 sabbatariarum,

156 1235 159 1241 ’
187 1240 377 1301 Maestorum
393 1237 475 1319 quod
490 1236 645 1298 anhelitus
659 1256 799 1316 reorum,

188 1323 277 1400 Quod
291 1342 420 1405 spurcae
434 1323 570 1383 moriens
583 1322 711 1382 lucerna
724 1321 844 1402 Ledae,

145 1407 274 1484 10Quod
288 1415 442 1468 ceromata
456 1408 544 1468 faece
560 1405 600 1467 de
614 1406 743 1484 Sabina,

188 1489 278 1567 Quod
292 1490 393 1571 volpis
407 1492 496 1570 fuga,
515 1492 641 1571 viperae
658 1489 776 1568 cubile,

187 1573 316 1634 Mallem
333 1594 420 1654 quam
439 1573 521 1654 quod
536 1573 603 1634 oles
617 1573 720 1652 olere,
743 1575 843 1635 Bassa.

601 1707 638 1770 V.

189 1807 247 1868 Vir
262 1807 360 1865 bonus
376 1811 409 1865 et
423 1824 540 1886 pauper
554 1804 719 1885 linguaque
733 1811 766 1867 et
779 1811 909 1887 pectore
924 1826 1033 1891 verus,

232 1888 314 1965 Quid
328 1889 386 1949 tibi
400 1890 463 1968 vis,
485 1890 593 1950 urbem
609 1891 677 1969 qui,
698 1890 850 1968 Fabiane,
872 1893 978 1970 petis?

187 1971 246 2047 Qui
261 1992 319 2034 nec
337 1971 410 2033 leno
425 1980 515 2053 potes
530 1992 588 2034 nec
603 1976 782 2035 comissator
796 1975 922 2056 haberi,

229 2056 295 2118 Nec
308 2056 435 2137 pavidos
451 2059 534 2118 tristi
548 2076 624 2118 voce
638 2059 735 2119 citare
749 2077 838 2134 reos,

165 2140 253 2202 bNec
266 2148 356 2222 potes
371 2161 497 2202 uxorem
512 2144 576 2202 cari
592 2161 791 2223 corrumpere
806 2142 912 2220 amici,

228 2226 398 2306 Necpotes
413 2224 553 2305 algentes
568 2228 707 2306 arrigere
722 2225 761 2286 ad
775 2225 911 2305 vetulas,

186 2309 334 2372 Vendere
349 2328 407 2370 nec
421 2329 513 2370 vanos
533 2312 648 2371 circum
661 2307 780 2372 Palatia
794 2311 910 2388 fumos,

226 2391 382 2453 Plaudere
396 2411 455 2452 nec
470 2393 570 2472 (lano,
591 2392 741 2474 plaudere
756 2413 815 2456 nec
831 2393 1001 2476 Glaphyro.

185 2475 277 2536 Unde
291 2478 385 2536 miser
400 2477 507 2535 vives?
536 2478 657 2555 „Homo
673 2486 792 2557 certus,
815 2478 895 2540 lidus
911 2481 1043 2542 amicus·

145 2568 179 2621 10
227 2561 296 2619 Hoc
310 2558 390 2620 nihil
406 2565 469 2619 est:
490 2579 643 2640 nunquam
663 2564 707 2624 sic
721 2561 913 2627 Philomelus
930 2564 1001 2627 eris.

592 2696 656 2757 vl.-

187 2805 282 2866 Grcdi
297 2809 417 2887 virgine
434 2811 546 2870 castior
560 2808 671 2890 pudica

185 2890 227 2950 Et
243 2891 356 2952 frontis
371 2900 500 2953 tenerae
514 2913 551 2953 cu
574 2895 600 2954 is
612 2894 729 2974 videri,

188 2974 264 3033 (lum
280 2976 322 3035 sis
337 2977 522 3057 improbior,
533 2914 726 3056 'Vlilisiauffi

186 3058 283 3134 Quam
299 3060 351 3138 qui
366 3063 551 3141 compositos
565 3070 665 3122 metro
683 3059 803 3122 Tibulli

164 3142 222 3203 bln
235 3140 354 3204 Stellae
370 3146 483 3205 recitat
498 3143 586 3205 domo
600 3144 737 3207 libellos.

582 3261 646 3323 Vll.

186 3354 249 3414 Gur
263 3356 340 3415 here
357 3354 439 3434 quod
455 3355 606 3435 dederas,
624 3357 735 3436 hodic,
757 3378 836 3437 puer
847 3356 961 3437 Hylle,
983 3375 1043 3438 neg

225 3439 326 3500 Durus
342 3447 403 3500 tam
421 3443 539 3521 subito,
563 3443 615 3520 qui
630 3440 721 3502 modo
736 3444 819 3502 mitis
834 3443 926 3502 eras?
988 3493 993 3503 .
