2370 3840
135 157 196 222 los
462 157 507 221 M.
523 155 615 220 VAL.
631 156 855 219 MARTIALIS

219 309 283 372 Sed
296 309 402 370 lances
417 309 498 369 ferat
514 315 547 369 et
561 309 693 389 scyphos
708 328 831 369 avorum

97 423 100 428 ·
200 394 286 456 aAut
300 391 426 472 grandis
439 411 511 452 reus
527 399 578 452 aut
590 398 702 471 potens
718 394 849 470 amicus,

220 477 283 538 Seu
298 474 381 555 quod
394 482 426 535 te
439 478 542 556 potius
557 477 640 536 iuvat
654 477 807 555 capitque.

219 559 270 621 Sic
283 561 386 620 vincas
400 560 589 639 Noviumque
603 557 805 638 Publiumque

219 641 361 721 Mandris
376 649 409 703 et
422 644 521 704 vitreo
535 642 659 703 latrone
672 641 791 718 clusos;

218 725 270 788 Sic
284 725 416 807 palmam
430 727 488 787 tibi
504 727 543 786 de
557 727 681 804 trigone
695 725 778 786 nudo

176 811 336 873 loUnotae
351 810 405 870 det
420 811 507 870 favor
523 811 639 870 arbiter
655 829 803 888 coronae,

217 892 283 955 Nec
296 893 405 954 laudet
418 892 531 972 Polybi
543 894 638 971 magis
653 894 806 953 sinistras:

218 977 252 1039 Si
268 979 428 1057 quisquam
441 996 510 1037 mea
524 975 638 1036 dixerit
652 974 802 1054 malignus

217 1062 296 1121 Atro
312 1062 446 1121 carmina
462 1078 539 1140 quae
554 1059 679 1119 madent
691 1078 828 1137 veneno,

217 1145 261 1206 Ut
275 1162 380 1204 vocem
396 1145 471 1204 mihi
487 1142 660 1204 commodes
674 1149 850 1223 patronam,

175 1229 257 1291 aaut
270 1234 415 1307 quantum
429 1229 563 1309 poteris,
586 1227 641 1287 sed
657 1246 769 1305 usque,
788 1224 916 1286 clamem

218 1311 308 1391 „Non
322 1313 448 1392 scripsit
463 1331 548 1373 meus
562 1312 622 1372 ists
635 1309 822 1372 Martialis.“

589 1474 722 1535 LXXHI.

218 1583 365 1662 Esquiliis
380 1583 486 1643 domus
502 1589 565 1661 est,
586 1583 694 1643 domus
708 1589 756 1644 est
771 1586 829 1644 tibi
842 1581 923 1643 colle
938 1583 1053 1643 Dianae

135 1677 141 1687 ’
260 1668 302 1729 Et
316 1673 369 1727 tua
381 1669 529 1746 patricius
544 1665 677 1725 culmina
692 1668 776 1726 vicus
791 1668 899 1726 habet:

217 1751 300 1812 Hinc
314 1749 423 1811 viduae
438 1747 588 1828 Cybeles,
607 1747 693 1808 illinc
709 1750 842 1809 sacraria
855 1749 986 1826 Vestae,

260 1832 336 1893 Inde
350 1853 477 1910 novum,
497 1838 635 1892 veterem
649 1833 801 1912 prospicis
815 1831 889 1892 inde
903 1831 1013 1894 lovem.

197 1917 292 1995 bDic,
313 1918 367 1976 ubi
384 1917 578 1993 conveniam,
599 1914 664 1994 dic,
687 1922 792 1994 quate
806 1921 895 1996 parte
909 1917 1058 1995 requireri·

98 2070 102 2077 ,
207 2000 212 2010 ’
261 2001 406 2080 Quisquis
420 2001 534 2079 ubique
554 2000 689 2078 habitat,
711 2001 861 2081 Maxime,
882 2020 1030 2081 nusquam
1044 2000 1063 2053 b

584 2162 720 2226 LXXIV.

219 2275 364 2357 Cyllenes
380 2274 520 2354 caelique
536 2275 646 2355 decus,
667 2277 799 2338 facunde
813 2281 972 2355 minister,

260 2362 364 2422 Aurea
379 2361 428 2419 cui
442 2366 526 2419 torto
542 2361 626 2438 virga
640 2359 775 2421 dracone
788 2362 882 2422 viret:

219 2442 270 2503 Sic
285 2447 343 2504 tibi
356 2444 463 2505 lascivi
477 2461 539 2501 non
553 2441 636 2502 desit
651 2445 739 2522 eopia
753 2445 845 2523 furti,

259 2525 329 2587 Sive
347 2527 432 2607 cupis
447 2527 602 2606 Paphien,
624 2543 680 2585 seu
694 2527 873 2606 Ganymede
888 2525 987 2600 cales;

102 2613 104 2617 ”
197 2610 444 2690 bMaternaeque
459 2611 554 2670 sacris
570 2614 719 2668 ornentur
736 2610 899 2671 frondibus
914 2609 985 2669 Idus

260 2693 420 2754 Et'senior
433 2713 527 2774 parca
541 2690 624 2752 mole
638 2698 797 2772 prematur
814 2713 900 2754 avus:

217 2777 308 2837 Hunc
323 2795 446 2859 semper
459 2778 603 2839 Norbana
619 2776 700 2836 diem
716 2797 783 2837 cum
798 2779 927 2858 coniuge
943 2777 1044 2859 Osrpo

258 2859 354 2922 Laeta
369 2859 465 2939 colat,
486 2862 670 2941 primisquo
687 2862 791 2922 coiere
807 2864 894 2925 toris.

216 2944 277 3005 Hic
291 2945 359 3025 pins
374 2945 502 3003 antistes
520 2946 646 3025 sophiae
660 2964 713 3006 sua
728 2946 807 3007 dona
821 2948 993 3025 ministrat,

175 3038 210 3091 10
256 3028 317 3088 Hic
330 3032 364 3086 te
378 3031 448 3087 ture
463 3034 568 3107 vocat,
588 3029 668 3090 fidus
684 3029 796 3113 etipse
812 3032 884 3096 lovi.

589 3191 712 3254 LXXV.

216 3299 272 3362 Vis
286 3301 366 3362 intui
382 3301 494 3381 gratis,
517 3319 584 3361 cum
600 3305 642 3362 ssi
657 3301 806 3364 deformis
819 3318 964 3381 anusque.

258 3384 321 3446 Res
334 3382 526 3468 perridicula
540 3392 604 3446 est:
625 3387 670 3446 vis
689 3385 780 3468 dare,
801 3405 860 3448 nec
874 3384 949 3446 dare
962 3384 1019 3448 vis.
