2370 3840
327 202 668 265 EPIGRAMMA'ION
681 202 757 263 LIB.
773 203 809 263 II.
1051 203 1092 267 51

110 361 238 438 citoque
253 378 345 419 unum
359 358 477 418 vestire
491 356 608 415 tribum
622 361 675 413 tuu
690 353 821 415 candido
835 367 981 436 possunt,

173 441 297 524 Appula
311 462 375 502 uon
387 460 449 502 uuo
466 458 544 519 quoe
562 457 658 517 grege
674 445 761 499 terra
774 439 857 502 tulit,

133 528 183 589 'I’u
197 533 322 608 spectus
335 527 471 586 hiemem
485 523 636 583 succincti
650 520 753 582 lentus
770 525 858 585 amici

172 611 236 673 Pro
251 609 369 671 scelus!
391 616 424 670 et
437 607 549 668 icteris
562 607 681 686 frigora
695 609 771 667 trito
784 610 885 668 timec.

132 698 286 774 Quantum
301 702 386 774 erat,
407 693 534 770 infelix,
553 693 663 772 puunic
677 690 823 752 fraudare
838 691 973 770 ductim,
988 726 1028 737 ·-

92 791 125 844 10
173 778 257 858 Quid
269 779 406 839 metuis?
419 810 463 825 -
477 796 539 836 nou
553 783 602 853 te,
623 773 776 854 Nuevole,
797 775 854 836 ned
868 777 994 838 tineosi

511 910 632 973 XLVII.

133 1023 272 1087 Subdola
285 1026 423 1086 famosae
438 1042 550 1084 moneo
565 1024 638 1102 fuge
653 1024 735 1084 retia
749 1024 913 1102 moechae,

172 1109 288 1170 Levior
303 1129 322 1169 o
339 1110 482 1184 conchis,
505 1106 615 1185 Galle,
633 1108 837 1186 Cytheriacis.

133 1193 272 1255 Confidis
286 1193 433 1253 uatibus?
453 1212 516 1252 nou
530 1199 580 1252 ert
592 1191 721 1272 paedico
737 1194 880 1253 moritus:

175 1279 261 1355 Quae
275 1279 371 1339 faciut
385 1276 445 1336 duo
461 1284 547 1337 sunt:
569 1277 700 1335 irrumat
714 1282 765 1335 aut
780 1277 883 1336 futuit

503 1409 636 1471 XLVIII

134 1525 296 1606 coponem
308 1523 486 1604 Ioniumque
500 1522 724 1603 balneumque,

134 1609 310 1670 Tonsorem
324 1608 520 1687 tubulmnque
535 1607 734 1686 culculosque

132 1694 175 1754 Et
187 1712 322 1774 paucos,
344 1691 401 1752 red
416 1701 451 1753 ut
465 1692 592 1771 eligam,
610 1690 755 1753 libellos:

132 1778 236 1839 Unum
249 1796 314 1837 uon
325 1778 452 1837 nimium
467 1777 576 1837 rudem
590 1775 729 1837 sodalem

111 1862 176 1925 5Et
189 1860 339 1941 grandem
352 1880 483 1940 puerum
497 1860 611 1939 diuque
626 1860 726 1921 levem

133 1947 176 2007 Et
190 1965 292 2006 curum
305 1963 404 2025 puero
418 1964 487 2006 meo
501 1945 652 2026 puellam:

133 2031 221 2091 Haec
233 2036 358 2110 praesta
372 2031 464 2108 mihi,
484 2030 582 2108 Rufe,
601 2028 652 2089 vel
664 2029 824 2107 Butuntis,

133 2115 176 2176 Et
190 2113 329 2174 thermu
343 2115 403 2174 tibi
416 2115 496 2174 habe
511 2114 711 2173 Neronianas.

515 2261 622 2325 XLIX.

134 2374 272 2435 Uxorem
285 2375 358 2437 uolo
373 2376 550 2438 Telesinam
566 2375 697 2437 ducere:
719 2375 837 2455 quare?

177 2458 313 2520 Moecha
327 2467 385 2523 est.
416 2460 480 2521 Sed
493 2463 600 2541 pueris
615 2459 668 2521 dut
683 2459 838 2521 Telesino.
867 2455 959 2522 Volo.

553 2597 588 2656 L.

137 2704 227 2781 Quod
240 2703 333 2766 fellae
345 2712 379 2765 et
392 2726 499 2785 uquam
512 2716 618 2789 potus,
639 2707 702 2786 nil,
722 2706 852 2784 Lesbio,
873 2724 993 2785 peccas.

178 2790 247 2866 Quo
259 2790 319 2849 tibi
332 2796 423 2870 purte
438 2811 514 2872 opus
529 2800 595 2872 est,
613 2792 744 2868 Lesbio,
766 2791 860 2850 cumin
875 2809 992 2870 aquom.

547 2927 596 2990 LI.

136 3034 224 3096 Unus
239 3052 332 3114 caepe
346 3037 405 3097 tihi
418 3043 486 3097 totu
499 3036 645 3098 denarius
661 3058 731 3098 arca

178 3120 256 3180 Gum
270 3120 312 3178 eit
325 3126 358 3179 et
370 3121 422 3180 hic
437 3121 507 3182 culo
523 3124 644 3200 tritior,
663 3120 777 3201 Hylle,
795 3128 865 3201 tuo,

136 3202 206 3263 Nou
219 3210 323 3264 tumen
336 3205 419 3264 huuc
431 3208 548 3286 pistor,
571 3225 634 3266 uon
649 3207 771 3267 auferet
784 3208 866 3267 hunc
881 3209 940 3268 tibi
955 3223 1049 3285 copo,
1137 3226 1138 3229 ¹

179 3286 243 3348 Sed
257 3289 285 3347 ri
301 3288 369 3367 quic
383 3291 477 3350 uImio
491 3309 574 3371 pene
588 3292 740 3370 superbus
755 3292 825 3351 erit.
952 3335 956 3342 .

114 3369 247 3432 filufelix
259 3378 370 3432 venter
385 3381 506 3454 spectat
521 3376 657 3436 convivio
673 3373 736 3433 culi
1116 3418 1121 3423 -

178 3455 220 3516 ut
232 3474 357 3536 tempor
371 3459 467 3519 mirer
480 3460 533 3520 hic
547 3460 664 3539 esurit,
684 3457 740 3520 iIIc
754 3465 857 3521 uocet.
1036 3424 1124 3626 1

855 3541 897 3604 I*
1029 3564 1050 3597 ··¹
