2370 3840
66 113 127 177 198
390 112 434 173 M.
449 111 540 173 VAL.
559 110 784 172 MARTIALlS

191 280 276 392 tlve,
291 315 333 374 mi
347 315 479 391 Torani,
493 315 592 374 frater
607 313 773 374 carissime.
798 313 1011 395 Epigramma,
1026 317 1112 396 quod

108 402 195 459 extra
209 399 350 459 ordinem
363 398 542 478 paginarum
562 403 627 476 est,
648 395 686 456 ad
703 397 886 457 Stertinium
906 396 1111 460 clarissimum

106 483 205 541 virum
225 483 420 562 scripsimus,
447 482 500 560 qui
523 482 687 560 imaginem
700 500 798 541 meam
813 499 933 561 ponere
948 483 981 542 iu
996 483 1111 544 biblio-

106 565 198 626 theca
220 585 274 626 sua
301 565 405 627 voluit.
454 566 500 625 De
530 585 589 645 quo
615 564 812 625 scribendum
833 566 891 625 tibi
917 567 1040 646 putavi,
1069 587 1111 627 ue

83 650 284 729 bignorares,
313 651 420 711 Avitus
440 651 501 709 iate
517 650 585 728 quis
599 653 771 710 vocaretur.
813 646 893 712 Vale
914 656 948 710 et
962 670 1039 731 para
1053 653 1111 712 ho-

106 733 240 812 spitium.

147 929 226 989 Dum
241 931 329 988 lanua
344 928 478 1006 hiemes,
502 928 693 988 Domitianus
707 935 903 1006 auctumuoo,

149 1016 304 1092 Auguaatu
319 1013 406 1071 annis
420 1011 625 1072 commodabit
640 1018 791 1086 aestates3

148 1098 227 1157 Dum
243 1096 360 1176 grande
373 1094 479 1156 famuli
495 1114 609 1156 nomen
623 1103 743 1156 asseret
756 1096 858 1156 Rheni

149 1182 399 1242 Germanicarum
413 1199 521 1259 magna
533 1179 585 1240 lux
598 1178 820 1254 Kalendarum

128 1266 288 1346 5Tarpeia
301 1266 410 1326 summi
425 1285 495 1326 saxa
511 1265 582 1325 dum
595 1266 693 1345 patris
708 1267 849 1341 stabunt,

152 1351 228 1408 Dum
242 1369 318 1410 voce
332 1349 462 1431 supplex
477 1349 610 1429 dumque
626 1355 696 1408 ture
710 1347 847 1429 placabit

149 1433 294 1493 Matrona
312 1433 400 1494 divae
416 1433 508 1494 dulce
523 1433 618 1494 Iuliae
633 1452 761 1492 numen:

147 1517 290 1577 Manebit
304 1516 398 1577 altum
411 1516 537 1579 Flaviae
554 1518 647 1577 decus
663 1518 763 1595 gentis

150 1599 227 1659 Cum
241 1599 307 1661 sole
322 1608 355 1660 et
369 1603 460 1661 astris
475 1619 604 1679 cumque
617 1602 687 1660 luce
701 1600 844 1661 Romana.

107 1682 263 1745 lolnvicta
278 1684 428 1764 quidquid
445 1683 585 1744 condidit
603 1703 724 1763 manua,
746 1683 826 1745 caeli
840 1688 897 1744 est.

565 1819 600 1879 ll.

147 1931 269 2012 Pauper
285 1932 436 1992 amicitiae
452 1951 519 1991 cnm
534 1934 592 2011 sis,
614 1933 717 2013 Lupe,
738 1951 800 1991 non
816 1950 849 1990 es
865 1931 997 2007 amicae,

189 2017 230 2076 Et
246 2017 387 2096 queritur
402 2014 442 2076 de
459 2022 491 2076 te
506 2016 642 2076 mentula
658 2017 723 2077 sola
737 2013 825 2075 nihil.

146 2098 201 2159 llla
216 2101 365 2179 siligineis
381 2101 556 2180 pinguescit
572 2100 711 2161 adultera
727 2099 851 2176 cunnis,

190 2185 353 2246 Convivam
369 2185 468 2264 pascit
482 2187 570 2264 nigra
583 2185 683 2245 farina
695 2190 790 2244 tuum.

122 2267 310 2328 blnccnaura
325 2270 411 2329 nives
423 2268 564 2328 dominae
580 2269 686 2328 Setina
700 2268 873 2346 liquantur,

189 2352 251 2411 Nos
271 2354 402 2413 bibimus
422 2353 513 2413 Corsi
526 2351 611 2431 pulla
623 2371 742 2412 venena
759 2349 835 2410 cadi.
943 2365 946 2371 ’

146 2435 258 2515 Empta
269 2438 328 2496 tibi
343 2456 403 2496 uox
418 2442 466 2495 est
480 2434 584 2495 fundis
599 2455 660 2495 non
677 2441 743 2494 tota
758 2433 914 2513 paternis,

188 2519 279 2578 Haud
294 2540 347 2579 sua
363 2519 506 2579 desertus
521 2538 594 2578 rura
608 2517 723 2578 sodalis
738 2523 812 2578 arat.

147 2601 299 2681 Splendet
311 2603 496 2682 Erythraeis
508 2600 671 2682 perlucida
686 2601 814 2661 moecha
827 2597 965 2680 lapillis,

104 2696 139 2747 10
188 2686 319 2746 Ducitur
334 2687 546 2766 addictuspte
560 2687 720 2763 futuente,
743 2683 849 2744 cliens.

147 2769 224 2829 Octo
241 2770 328 2848 Syris
341 2764 466 2832 suffulta
478 2771 568 2831 datur
582 2770 695 2830 lectica
710 2768 851 2849 puellae,

187 2851 307 2912 Nudum
323 2854 498 2934 sandapilae
512 2854 633 2936 pondus
649 2854 762 2914 amicus
777 2853 847 2913 erit.

144 2936 253 2997 lnunc
268 2943 301 2997 et
315 2938 460 3017 miseros,
484 2939 619 3019 Cybele,
641 2935 788 3018 praecide
806 2932 968 2996 cinaedos:

188 3021 276 3081 Haec
291 3027 376 3100 erat,
397 3021 475 3082 haec
490 3023 600 3084 cultris
615 3020 753 3083 mentula
768 3021 860 3100 digua
873 3019 945 3079 tuis.

562 3159 611 3219 111-
1166 3132 1175 3237 i

146 3267 299 3343 Quantum
313 3270 373 3341 iam
389 3270 526 3350 superis,
549 3270 680 3348 Caesar,
703 3269 852 3348 caeloque
868 3265 986 3328 dedisti

22 3386 50 3527 ι
187 3352 221 3412 Si
235 3359 360 3434 repetas
376 3354 449 3415 etsi
464 3350 602 3414 creditor
620 3371 690 3414 esse
705 3351 799 3430 velis,
