2370 3840
196 253 199 258 ,
283 209 624 274 EPIGRAMMA'I'ON
637 208 710 271 LIB.
727 208 805 272 VIII.
1002 207 1065 272 19³

85 364 226 439 ocurre,
247 380 319 440 age,
342 367 375 421 et
389 358 498 420 illotos
512 376 641 435 revoca,
664 356 810 437 Calliste,
832 359 1008 435 ministros;

150 447 335 506 Sternantur
349 443 441 504 IectI:
465 440 661 518 Caeciliane,
683 441 767 501 sede.

109 529 235 590 Caldam
249 530 352 609 poscis
367 546 491 605 aquam
512 524 646 585 nondum
659 526 735 583 mihi
749 524 864 604 irlgida
877 527 978 601 venit;
1099 568 1105 575 -

148 612 243 691 Alget
257 611 356 671 adhuc
369 610 451 671 nudo
468 607 553 671 clusa
569 607 670 668 culina
683 609 763 668 foco.

109 698 203 757 Mane
218 697 288 757 veni
302 695 422 776 potius;
442 713 512 752 nam
527 712 581 752 cur
596 698 628 751 te
644 692 750 771 qulnta
764 692 925 751 moretur?

65 791 99 842 lo
148 780 191 841 Ut
203 781 319 858 lantes,
343 797 429 856 sero,
453 776 643 853 caeciliane,
664 777 760 835 veuls.

477 909 602 971 uxum
664 987 666 990 y

110 1024 169 1099 Qui
185 1023 353 1103 Corcyraei
366 1020 443 1082 vidit
457 1023 594 1102 pomaria
608 1024 709 1100 regis,

150 1107 233 1186 Rus,
252 1104 397 1184 Entelle,
419 1111 491 1166 tuae
505 1105 667 1186 praeferet
681 1103 737 1164 Ille
754 1102 871 1165 domus.
888 1147 890 1153 .

108 1190 212 1252 Invida
227 1209 401 1271 purpureos
413 1196 483 1250 urat
497 1208 537 1248 ne
551 1191 659 1248 bruma
674 1207 813 1248 racemos

148 1275 190 1335 ut
205 1274 340 1353 gelidum
355 1274 469 1333 Bacchi
484 1291 611 1332 munera
624 1273 722 1350 frigus
736 1271 824 1350 edat,

86 1357 243 1419 oconclita
257 1358 421 1437 perspicua
435 1357 509 1415 vivlt
525 1353 678 1414 vindemia
692 1373 810 1433 gemma

150 1442 192 1501 Et
205 1442 322 1518 tegitur
339 1437 432 1515 felix,
455 1457 514 1498 uec
531 1445 634 1498 tomen
647 1458 704 1498 uva
718 1436 806 1498 latet.
848 1441 850 1445 ’

107 1525 288 1584 Femineum
301 1522 386 1583 lucet
400 1523 444 1582 sic
458 1541 515 1603 per
528 1523 712 1602 bombycina
726 1541 854 1602 corpus,

153 1606 297 1668 Calculus
311 1609 344 1666 in
358 1605 457 1665 nitida
471 1607 516 1666 sic
535 1612 714 1665 numeratur
729 1626 814 1685 aqua.

109 1691 189 1768 Quid
203 1710 265 1751 non
278 1692 402 1770 ingenio
417 1688 515 1750 voluit
528 1695 638 1750 natura
651 1690 772 1751 licere?

66 1784 102 1836 10
151 1776 353 1836 Auctumnum
369 1773 487 1835 sterilis
502 1774 589 1834 ferre
603 1775 729 1835 iubetur
743 1775 852 1835 hiems.

493 1907 599 1968 LXIX.

109 2020 236 2079 Miraris
252 2024 392 2094 veteres,
413 2017 566 2094 Vacerra,
588 2015 689 2096 solos,

108 2103 174 2163 Nec
186 2100 293 2162 laudas
306 2100 366 2160 nisi
382 2106 519 2159 mortuos
533 2105 650 2178 poetas.

107 2187 250 2265 Ignoscas
261 2185 410 2266 petimus,
430 2182 582 2245 Vacerra:
603 2184 682 2241 tanti

108 2271 177 2332 Non
193 2275 258 2348 est,
278 2275 312 2328 ut
324 2265 463 2348 placeam
478 2266 551 2341 tibi,
573 2267 687 2346 perire.

501 2412 593 2474 LXX.

112 2527 231 2602 Quanta
246 2530 332 2607 qules
348 2527 478 2609 placidi,
500 2532 585 2586 tanta
600 2531 649 2587 est
661 2523 804 2585 facundia
818 2523 954 2606 Nervae,

153 2610 215 2669 Sed
231 2613 356 2673 cohibet
369 2614 453 2672 vires
466 2612 685 2690 ingeniumque
698 2608 807 2690 pudor.

111 2694 187 2754 Cum
203 2696 319 2756 siccare
334 2715 451 2756 sacram
463 2694 549 2774 largo
564 2693 760 2755 Permessida
775 2699 883 2773 posset

154 2777 232 2854 Cre,
254 2779 458 2839 verecundam
473 2777 581 2839 maluit
595 2797 664 2839 esse
680 2779 780 2855 silim,

89 2861 246 2924 §Pieriam
260 2863 347 2921 tenni
362 2863 498 2923 frontem
511 2863 660 2923 redimire
675 2881 789 2922 corona

154 2945 341 3022 Contentus,
362 2945 461 3007 famae
478 2965 536 3006 nec
552 2947 626 3006 dare
641 2944 710 3007 vela
724 2964 806 3009 suae.

112 3028 175 3090 Sed
189 3034 292 3088 tamen
307 3030 388 3088 hunc
401 3031 501 3088 nostri
516 3033 575 3089 scit
588 3032 738 3111 temporis
755 3048 830 3095 esse,
840 3026 1020 3106 Tibullum,

154 3112 296 3172 Carmina
311 3113 363 3192 qui
379 3109 462 3172 docti
476 3119 549 3172 nota
563 3114 695 3173 Neronis
709 3114 812 3174 habet.

496 3245 601 3307 LXXI.

114 3360 265 3433 Quattuor
280 3359 401 3438 argenti
414 3356 512 3419 libras
527 3359 602 3418 mihi
616 3364 757 3439 tempore
770 3358 901 3428 ,iarumae

154 3442 271 3504 Misisti
285 3450 356 3504 ante
373 3462 484 3522 annos,
505 3443 718 3520 Postumiane,
742 3441 858 3502 decem.

111 3525 219 3589 Maur.
827 3522 869 3584 Ii>
