2370 3840
310 188 649 252 EPIGRAMMATON
662 192 735 254 LIB.
751 192 815 257 vll.

129 339 175 400 Ne
190 341 404 399 succensueris
418 341 502 402 velut
517 344 661 425 superbo.

131 425 178 484 Te
193 443 251 505 pro
266 423 400 484 Caesare
416 424 515 487 debeo
531 446 657 505 rogare:

128 509 189 567 Pro
204 526 253 569 me
267 506 366 568 debeo
382 508 547 570 Gaesarem
562 530 681 591 rogare.

525 670 603 733 LXI.

128 777 308 840 Abstulerat
322 787 417 843 totum
430 785 615 845 temerarius
629 784 754 843 institor
767 785 875 844 urbem

170 862 266 941 Inque
281 881 335 924 suo
350 866 470 926 nullum
484 867 592 928 limine
604 866 701 928 limen
716 873 793 929 erat.

127 945 245 1005 iussisti
259 952 385 1027 tenues,
409 953 609 1032 Germanice,
631 969 774 1012 crescere
788 953 887 1031 vicos,

168 1028 211 1089 Et
224 1028 314 1091 modo
332 1052 409 1112 quae
424 1035 526 1096 iuerat
541 1037 666 1115 semita,
687 1035 768 1095 iacta
783 1036 830 1094 via
845 1042 902 1097 est.

106 1111 220 1175 bNuIla
235 1117 384 1178 catenatis
396 1118 459 1199 pila
474 1127 524 1180 est
536 1121 714 1202 praecincta
726 1117 862 1198 lagonis,

168 1196 233 1256 Nee
247 1205 375 1278 praetor
389 1202 491 1264 medio
507 1205 627 1282 cogitur
640 1205 688 1263 ire
701 1201 788 1277 luto;

128 1279 299 1359 Stringitur
313 1284 347 1343 iu
361 1285 457 1347 densa
472 1305 530 1348 nee
545 1305 636 1346 caeca
648 1284 795 1347 novacula
808 1288 914 1364 turba,

169 1363 306 1445 Occupat
318 1375 371 1428 aut
384 1376 465 1430 totas
478 1372 567 1448 nigra
582 1371 696 1451 popina
710 1372 782 1431 vias.

128 1448 271 1528 Tonsor,
293 1469 387 1531 copo,
409 1472 516 1531 cocus,
537 1453 636 1513 lanius
650 1473 704 1513 aua
716 1451 824 1512 limina
836 1458 969 1516 servant.

86 1542 119 1596 10
166 1529 255 1592 Nunc
268 1533 364 1594 Roma
379 1542 442 1615 est,
463 1554 563 1616 nuper
576 1554 684 1615 magna
697 1538 826 1597 taberna
838 1536 908 1598 fuit.

524 1696 615 1758 LXII.

125 1808 267 1869 Reclusis
282 1808 401 1870 foribus
416 1809 548 1888 grandes
562 1811 714 1890 percidis,
737 1809 869 1890 Amille,

167 1893 209 1955 Et
222 1899 255 1952 te
271 1891 441 1972 deprendi,
461 1914 529 1955 cum
544 1894 621 1955 iacis
635 1897 710 1973 ista,
730 1896 832 1974 cupis,

124 1974 172 2037 Ne
188 1975 262 2056 quid
275 1975 384 2037 liberti
399 1984 528 2037 narrent
547 1981 689 2056 servique
702 1980 825 2058 paterni

167 2060 209 2120 Et
225 2061 314 2138 niger
329 2058 454 2139 obliqua
470 2059 650 2138 garrulitate
665 2060 772 2124 cliens.

104 2143 194 2204 bNon
207 2144 364 2222 predicari
378 2164 412 2205 se
429 2146 481 2222 qui
494 2149 639 2221 testatur,
662 2143 790 2223 Amille,

168 2224 249 2286 Illud
264 2246 356 2309 saepe
370 2229 462 2308 facit,
485 2227 567 2308 quod
582 2228 649 2287 aine
663 2233 746 2287 teste
759 2227 843 2287 iacit.

505 2391 608 2451 LXIII.

125 2498 274 2580 Perpetui
287 2519 440 2581 nunquam
455 2506 604 2564 moritura
618 2500 770 2562 uolumina
786 2499 845 2561 Sili

169 2583 227 2658 Qui
241 2582 319 2662 legis
336 2591 369 2644 et
381 2585 469 2646 Latia
483 2589 617 2648 carmina
631 2585 723 2666 digua
736 2591 824 2664 toga,

125 2665 246 2726 Pierios
260 2671 378 2728 tautum
392 2671 453 2730 vati
468 2669 623 2750 placuisse
637 2688 779 2731 recessus

100 2804 103 2810 .
167 2749 278 2810 Credis
294 2757 327 2811 et
340 2753 457 2813 Aoniae
471 2755 622 2814 Bacchica
636 2759 719 2814 serta
734 2753 859 2813 comae?

101 2831 219 2894 bSucro
234 2835 408 2895 cothurnati
422 2856 484 2897 nou
501 2840 604 2916 attigit
618 2844 688 2897 aute
703 2837 860 2913 Maronis,

169 2915 312 2996 implevit
327 2920 428 2997 magui
443 2940 530 2998 quam
545 2922 705 2982 ciceronis
722 2938 806 3000 opus.

125 3002 215 3061 Hunc
231 3001 359 3060 miratur
373 3001 474 3062 bdbuc
489 3011 613 3064 centum
627 3005 726 3083 gravia
740 3004 828 3062 hasta
842 3003 995 3080 virorum,

166 3086 256 3144 Hunc
270 3083 408 3163 loquitur
422 3093 509 3163 grato
523 3087 672 3166 plurimus
687 3105 741 3148 ore
760 3082 867 3148 cliens.

124 3167 290 3248 Postquam
301 3169 349 3228 bis
364 3170 446 3228 aenis
461 3170 618 3248 ingentem
632 3171 766 3231 fascibus
782 3188 892 3230 anuum

82 3260 118 3314 10
163 3253 313 3331 licuerat,
336 3258 454 3312 asserto
470 3254 522 3333 qui
536 3273 624 3314 sacer
639 3254 714 3314 orbe
727 3254 803 3332 fuit,

125 3336 279 3397 Emeritos
295 3337 395 3397 Musis
410 3343 444 3396 et
456 3336 584 3397 Phoebo
599 3335 728 3397 tradidit
742 3355 853 3414 anuos,

167 3419 291 3500 Proque
306 3439 361 3480 suo
384 3419 522 3482 celebrat
535 3440 616 3482 nuuc
630 3418 782 3483 Helicona
796 3420 875 3480 loro.

1020 191 1082 257 loo
