2370 3840
323 195 663 256 EPIGRAMMATON
677 197 750 259 LIB.
770 197 819 259 XI.
1034 200 1096 264 263

133 350 223 409 Basia
238 348 275 409 da
290 351 378 410 nobis
392 347 512 428 vetulo,
533 368 628 430 puer,
651 348 710 409 uda
723 348 878 429 Falerno,

176 431 292 493 Pocula
307 433 345 494 da
359 433 454 495 labris
469 434 551 494 facta
565 434 683 493 minora
699 435 769 496 tuis.

112 517 304 592 5Addideris
320 520 505 599 superhaec
522 518 657 580 Veneris
673 519 699 578 si
715 519 823 596 gaudia
838 539 928 600 vera,

175 603 253 663 Esse
268 621 378 682 negem
394 600 503 662 melius
518 622 586 662 cum
602 602 782 682 Ganymede
798 603 870 664 lovi.

513 737 635 799 XXVII.

132 858 268 918 Ferreus
284 876 334 934 es,
357 857 384 916 si
398 862 481 916 stare
496 863 600 936 potest
614 856 671 917 tibi
687 857 838 935 mentula,
861 859 989 939 Flacce,

179 943 256 1003 (lum
270 947 302 1001 te
319 959 373 1001 sex
390 942 516 1019 cyathos
532 947 600 1000 orat
616 942 711 1002 amica
727 944 810 1021 gari,

133 1024 194 1088 Vel
211 1026 271 1086 duo
287 1026 387 1085 frusta
402 1031 490 1103 rogat
505 1027 586 1104 cybii
601 1031 765 1087 tenuemve
780 1026 948 1106 lacertum,

174 1111 238 1171 Nec
254 1108 375 1189 dIgnam
391 1115 456 1169 toto
472 1128 506 1170 se
520 1111 673 1189 botryone
688 1118 792 1192 putat;

110 1195 192 1255 ocul
207 1201 312 1277 portat
327 1193 463 1273 gaudeus
479 1193 590 1254 aneilla
604 1194 769 1275 parapside
785 1197 878 1255 rubra

174 1278 351 1357 Halleeem,
374 1276 430 1339 sed
449 1298 537 1359 quam
552 1280 693 1358 protinus
709 1278 763 1339 Illa
778 1287 882 1354 voret;

131 1364 194 1422 Aut
210 1384 277 1423 cum
293 1363 460 1445 perfricuit
473 1362 609 1422 frontem
625 1364 790 1444 posuitque
804 1362 973 1444 pudorem,

175 1446 288 1507 Sucida
301 1446 430 1528 palliolo
446 1444 566 1506 vellera
583 1448 718 1527 quinique
733 1449 822 1529 petit.

131 1530 174 1590 At
188 1550 256 1591 mea
270 1551 318 1591 me
333 1530 446 1592 libram
460 1530 561 1606 foliati
575 1538 683 1612 poseat
700 1533 810 1611 amica,
866 1542 875 1554 ⁹

92 1625 124 1676 10
173 1616 235 1677 Aut
249 1615 365 1676 virides
380 1635 513 1696 gemmas
528 1615 775 1696 sardonychasve
792 1635 899 1698 pares,

131 1697 197 1760 Nec
212 1702 272 1760 nisi
287 1702 387 1781 prima
401 1700 478 1761 velit
493 1700 532 1761 de
548 1701 651 1762 Tusco
668 1700 775 1762 Serica
789 1703 873 1779 vico,

173 1785 236 1845 Aut
250 1791 373 1845 centum
386 1785 528 1846 aureolos
544 1788 588 1846 sic
602 1784 689 1847 velut
704 1806 775 1848 aera
790 1792 888 1865 roget.

130 1868 218 1928 Nunc
233 1876 266 1928 tu
282 1868 363 1930 velle
377 1877 466 1951 putas
480 1871 557 1930 haec
571 1889 621 1931 me
638 1869 754 1931 donare
768 1869 917 1952 puellae?

173 1951 268 2030 Nolo,
292 1953 349 2012 sed
362 1955 411 2013 his
427 1960 460 2012 ut
475 1955 515 2013 sit
531 1952 622 2032 dIgna
636 1954 756 2034 puella,
777 1954 855 2015 volo.

501 2085 636 2148 XXVIII.

134 2187 247 2257 Invasit
261 2194 374 2256 medlei
389 2196 498 2256 Nasica
513 2198 715 2278 phreneticus
730 2199 822 2258 Eucti

173 2281 213 2341 Et
228 2279 363 2362 percidit
377 2278 490 2360 Hylan.
520 2283 595 2361 llic,
617 2288 708 2363 puto,
729 2289 912 2345 sanuserat.

516 2416 624 2479 XXIX.

129 2528 286 2610 Languida
301 2551 369 2592 cum
383 2529 487 2593 vetula
501 2539 636 2594 tractare
650 2532 752 2594 virilia
766 2531 875 2593 deutra

173 2614 327 2697 Coepisti,
350 2615 473 2695 iugulor
488 2616 622 2699 pollice,
644 2617 764 2699 Phylli,
785 2626 847 2678 tuo.

129 2696 204 2758 Nam
220 2720 287 2761 cum
302 2720 351 2761 me
365 2721 501 2780 murem,
524 2723 592 2764 curn
607 2722 656 2764 me
672 2711 724 2764 tua
738 2701 855 2762 Iumina
870 2700 965 2780 dicis,

174 2783 269 2844 Horis
284 2803 333 2844 me
349 2785 437 2844 refici
452 2787 502 2845 viu
515 2794 590 2866 puto
605 2807 697 2868 posse
713 2787 832 2850 decern.

105 2864 300 2928 tlllanditias
315 2869 434 2929 nescis:
455 2867 581 2947 „dabo“
596 2871 645 2932 dic
660 2873 741 2950 „tibi
754 2870 839 2932 milia
856 2876 979 2932 eentum

170 2951 211 3010 nt
226 2950 305 3012 dabo
320 2952 420 3013 Setini
434 2954 541 3032 iugera
557 2962 642 3016 certa
660 2956 735 3030 soli,

128 3033 244 3116 Accipe
259 3037 343 3114 vina,
364 3037 502 3118 domum,
529 3058 661 3120 pueros,
685 3039 909 3120 chrysendeta,
937 3036 1093 3099 mensas.“

169 3119 220 3179 Nil
235 3140 311 3203 opus
328 3128 377 3182 est
393 3121 515 3202 digitis:
538 3126 583 3185 sic
599 3126 689 3204 mihi,
712 3123 834 3205 Phylli,
857 3125 945 3186 I'rIea.

521 3259 616 3321 XXX.

129 3363 173 3423 0s
188 3364 269 3426 male
284 3367 448 3429 causidicis
463 3378 495 3431 et
510 3370 588 3433 dicIs
603 3372 689 3434 olere
704 3375 822 3455 poetis.

168 3447 231 3508 Sed
246 3449 399 3532 Iellatori,
421 3453 534 3539 Zoile,
556 3459 652 3541 peius
667 3457 751 3520 olet.
