2370 3840
138 158 199 222 108
463 158 855 255 mvnnmnurmms

221 312 274 373 Sic
288 318 432 392 tanquam
447 310 526 372 nihil
543 312 656 372 offeras
671 329 813 391 agasque.

222 396 257 457 Si
272 399 343 457 novi
358 396 514 457 domiuum
530 415 640 456 novem
656 415 814 474 sororum,

220 479 314 542 Ultro
330 499 519 561 purpureum
534 486 623 560 petet
637 478 786 541 libellum.

628 615 694 676 VH.

224 726 365 805 Qualiter
380 730 524 808 Assyrios
539 734 690 789 renovant
705 729 849 789 incendia
863 728 969 808 nidos,

263 813 333 873 Una
348 812 456 873 decem
473 815 615 891 quotiens
631 812 753 872 saecula
766 815 842 874 vixit
858 815 934 893 avis,

223 895 347 957 Taliter
362 904 452 957 exuta
468 903 517 956 est
531 902 671 957 veterem
686 916 764 957 nova
779 899 875 958 Roma
889 904 1050 958 senectam

265 982 307 1041 ut
322 983 453 1061 sumpsit
465 979 567 1041 voltus
582 980 736 1061 praesidis
750 983 818 1061 ipsa
835 983 891 1059 sui,

223 1066 285 1125 lam
300 1083 414 1144 precor
430 1064 544 1125 oblitus
558 1071 702 1143 nostrae,
723 1065 880 1142 Volcano,
905 1063 1056 1145 querelae

263 1150 378 1210 Parce:
401 1169 503 1210 sumus
518 1150 630 1210 Martis
645 1151 751 1228 turba,
774 1150 829 1209 sed
846 1156 880 1210 et
895 1149 1046 1212 Veneris:

126 1291 128 1295 .
221 1234 337 1312 Parce,
359 1240 464 1314 pater:
481 1235 525 1293 sic
540 1233 714 1294 Lemniacis
728 1232 843 1294 lasciva
858 1236 975 1295 catenis

263 1317 405 1397 Ignoscat
419 1320 551 1379 coniunx
566 1325 599 1378 et
612 1318 770 1397 patienter
786 1324 876 1381 amet.

617 1469 694 1532 Vlll.

221 1577 366 1639 Edictum
382 1579 497 1640 domiui
512 1580 625 1660 deique
641 1584 758 1660 nostri,

224 1662 291 1738 Quo
307 1662 453 1723 subsellia
468 1666 604 1724 certiora
617 1666 695 1725 fiunt

221 1745 265 1807 Et
277 1766 372 1825 puros
388 1766 484 1826 eques
502 1747 628 1808 ordines
641 1750 780 1829 recepit,

222 1829 302 1890 Dum
319 1830 426 1891 laudat
440 1831 531 1892 modo
546 1833 655 1892 Phasis
669 1835 702 1892 in
716 1834 857 1914 theatro,

200 1914 333 1975 5Phasis
348 1918 514 1995 purpureis
530 1919 625 1977 ruber
639 1916 790 1997 lacernis,

222 1999 264 2058 Et
277 2001 372 2061 iactat
385 1999 502 2060 tumido
519 2004 670 2081 superbus
686 2020 758 2062 ore:

222 2083 385 2160 „Tandem
401 2084 589 2146 commodius
603 2085 680 2146 iicet
693 2085 823 2163 sedere,

222 2167 310 2229 Nunc
325 2175 374 2229 est
387 2168 511 2229 reddita
526 2169 659 2249 dignitas
674 2171 847 2249 equestris;

224 2251 330 2313 Turba
343 2274 404 2313 non
419 2256 604 2332 premimur,
626 2273 685 2314 nec
701 2256 897 2334 inquinamur
904 2252 935 2312 :“

180 2345 215 2397 10
221 2335 308 2395 llaec
323 2344 356 2397 et
369 2337 444 2398 talia
460 2337 531 2398 dum
545 2337 646 2397 refert
661 2340 804 2419 supinus,

221 2417 293 2479 lllas
307 2439 479 2502 purpureas
495 2431 528 2481 et
544 2429 724 2500 arrogantes

222 2502 314 2564 Iussit
328 2523 457 2584 surgere
471 2505 578 2565 Leitus
594 2503 745 2566 lacernas.

631 2638 683 2700 lx.

223 2746 433 2826 Languebam:
456 2750 513 2811 sed
526 2759 558 2811 tu
574 2752 736 2811 comitatus
750 2755 892 2833 protinus
910 2754 949 2813 ad
964 2773 1015 2814 me

265 2832 388 2894 Venisti
404 2842 553 2915 centum,
566 2836 764 2915 Symmache,
787 2834 955 2918 discipulis.

224 2915 355 2976 Centum
370 2937 419 2978 me
433 2921 568 2998 tetigere
584 2939 689 2981 manus
705 2920 850 3000 aquilone
864 2920 1001 2999 gelatae:

265 3001 334 3060 Non
348 3003 441 3063 habui
455 3004 595 3083 febrem,
617 3005 814 3084 Symmache,
836 3021 917 3066 nunc
931 3008 1042 3068 habeo.

639 3139 677 3203 X.

222 3245 301 3307 Esse
317 3247 465 3327 quidhoc
481 3247 598 3327 dicam,
613 3250 688 3310 vivis
705 3221 787 3330 pund
802 3251 883 3310 fama
896 3258 1030 3331 negatur

264 3329 307 3391 Et
323 3351 377 3392 sua
399 3331 482 3412 quod
495 3351 584 3392 rarus
599 3339 740 3414 tempora
754 3333 856 3395 lector
871 3337 976 3396 amati

221 3414 265 3474 lli
280 3423 352 3476 sunt
367 3416 501 3478 invidiae
517 3418 677 3497 nimirum,
698 3417 836 3498 Regulo,
858 3438 978 3496 mores,
