2370 3840
98 221 164 285 274
423 221 468 284 Μ.
484 222 575 284 VAL.
592 221 817 283 MARTIALIS

187 371 251 433 Sed
264 373 342 431 tiens
359 376 450 452 atque
466 389 590 450 gemens
605 372 684 430 tanti
698 377 790 450 negat
805 390 873 432 esse
891 371 1023 436 salutem

229 456 333 535 Seque
349 454 451 516 refert
464 456 567 536 potius
581 456 780 535 proposuisse
795 457 883 519 mori.

164 540 246 601 5Vir
257 543 362 618 rogat,
384 546 419 602 ut
432 540 512 599 sinat
527 537 642 599 virides
658 557 715 597 nec
732 538 857 599 deserat
872 560 983 621 annos,

227 623 268 683 Et
282 623 352 682 lieri
368 622 450 703 qood
464 624 523 681 iam
538 641 600 681 non
613 622 689 681 facit
702 623 770 702 ipse
785 625 868 686 sinIt.

184 706 329 766 Protinus
345 706 495 767 accedunt
509 705 622 765 medici
632 705 832 785 medicaeque
847 707 1016 788 recedunt,

231 786 463 869 Tollunturque
481 788 587 869 pedes.
623 789 818 850 Omedicina
832 792 947 869 gravis!

565 922 683 984 LXXII.

185 1036 298 1095 Drauci
310 1036 401 1095 Natta
416 1036 462 1095 sui
477 1040 566 1093 vocat
578 1035 752 1114 pipinnam,

186 1117 325 1180 Gollotos
341 1121 389 1179 cui
404 1116 510 1179 Gallus
527 1123 575 1176 eat
589 1118 728 1197 Priapus.

558 1249 689 1311 LXXIII.

186 1364 361 1427 Ventorum
375 1367 458 1426 iuras
474 1384 597 1446 semper
612 1366 702 1442 mth,
721 1362 845 1444 Lygdo,
868 1366 989 1444 roganti

228 1448 460 1529 Constituisque
475 1452 582 1510 horam
597 1449 820 1529 constituisque
835 1448 946 1512 locum.

187 1531 263 1590 Cum
278 1532 395 1592 frustra
409 1535 489 1593 iacui
504 1532 597 1611 longa
610 1533 770 1613 prurigine
784 1538 905 1611 tentus,

231 1613 391 1675 Succurrit
405 1635 462 1695 pro
477 1622 510 1675 te
525 1634 618 1696 saepe
633 1616 758 1675 sinistra
772 1618 856 1679 mth.

170 1695 275 1771 oQoid
289 1717 417 1776 precer,
440 1718 458 1758 o
473 1697 581 1775 fallax,
603 1700 722 1759 meritis
738 1707 771 1760 et
784 1702 920 1760 moribus
934 1699 1026 1760 istis?

229 1779 404 1841 Umbellam
418 1780 540 1860 luscae,
560 1781 684 1860 Lygdo,
705 1783 788 1844 feras
804 1783 954 1844 dominae.
1003 1817 1004 1820 ι

519 1983 520 1986 ¹
555 1915 691 1978 LXXIV.

188 2026 362 2088 Curandum
378 2048 490 2108 penem
506 2030 657 2089 commisit
672 2030 804 2089 Baccara
815 2025 955 2091 'Graecus

229 2109 328 2172 Rivali
343 2113 472 2174 medico.
500 2113 632 2173 Baccara
648 2111 754 2173 Gallus
770 2114 838 2173 erit.

562 2245 684 2308 LXXV.

190 2357 296 2417 Theca
310 2363 410 2417 tectus
426 2359 544 2421 ahenea
556 2357 675 2418 lavator

188 2438 321 2519 Tecum,
343 2441 465 2519 (laelio,
488 2462 611 2517 servns3
633 2437 771 2519 utquid,
796 2459 867 2518 oro,

186 2523 256 2583 Nou
270 2527 311 2584 sit
328 2543 396 2584 com
411 2525 608 2586 citharoedus
622 2530 674 2585 aut
689 2522 875 2584 choraules?

186 2606 256 2665 Non
268 2608 330 2685 via,
351 2614 491 2689 utputo,
512 2607 678 2669 mentulam
693 2607 810 2670 videre.

165 2689 290 2763 oQuare
305 2711 372 2750 oum
386 2690 501 2773 populo
519 2691 629 2753 lavaris
645 2692 742 2769 ergo?

66 2796 69 2802 ·
189 2771 302 2833 Omnes
318 2794 354 2833 an
369 2777 426 2835 tibi
442 2796 498 2837 nos
513 2795 614 2836 sumus
629 2775 803 2856 spadones?

187 2855 287 2934 Ergo,
308 2876 348 2916 ne
362 2857 495 2919 videaris
510 2859 666 2937 invidere,

189 2937 301 3017 Servo,
324 2939 445 3021 (laclia,
464 2942 588 3005 fibulam
605 2944 739 3003 remitte.

556 3077 690 3139 LXXVI.

190 3181 335 3262 Solvere,
357 3184 471 3262 Paete,
493 3184 600 3246 dotem
617 3188 676 3247 tibi
689 3205 738 3246 me
754 3186 899 3248 sestertia
914 3187 1016 3265 cogis,

228 3266 408 3329 Perdiderit
424 3270 564 3347 quoniam
579 3271 679 3330 Bucco
695 3269 826 3332 ducenta
840 3271 906 3331 tibi.

187 3351 234 3411 Ne
247 3356 396 3430 noceant,
418 3371 489 3428 oro,
510 3353 585 3410 mihi
599 3372 660 3411 non
675 3373 741 3414 mea
757 3355 901 3414 crimina:
921 3359 955 3412 tu
971 3354 1026 3433 qui

229 3436 282 3496 Bia
298 3443 428 3497 centena
443 3442 533 3515 potes
548 3435 698 3515 perdere,
720 3435 819 3516 perde
836 3437 953 3498 decom.
