2370 3840
303 196 644 258 ErremammaTON
656 199 731 262 mn.
750 200 801 261 ll'.
1030 200 1073 265 99

402 388 413 407 ’
510 395 600 456 LXII.

115 507 218 568 Tibur
230 509 264 567 iu
276 506 465 567 Herculeum
482 510 624 587 migravit
637 509 726 586 nigra
740 510 885 590 Lycoris,

158 591 270 652 Omnia
287 589 358 650 dum
371 591 441 651 lieri
457 591 586 652 candida
601 590 702 653 credit
715 593 766 654 lbi.

498 724 603 787 LXlll.

114 810 195 898 Dum
208 837 289 915 petit
303 857 320 895 a
335 835 440 897 Baulis
454 845 552 899 mater
567 839 722 902 Caerellia
736 842 840 922 llalaa,

158 917 283 982 Occidit
295 922 393 980 insani
408 923 537 982 crimine
550 941 651 985 mersa
665 925 749 988 freti.

116 1004 227 1066 Gloria
244 1012 357 1084 quanta
370 1006 455 1085 perit
467 1007 569 1067 vobis!
590 1009 667 1070 baec
681 1017 819 1071 monstra
832 1009 950 1072 Neroni

160 1087 227 1148 Nec
241 1089 342 1149 iussae
356 1089 507 1168 quondam
522 1094 752 1171 praestiteratis
769 1111 877 1175 aquae.

499 1224 606 1288 LXIV.

116 1334 175 1396 lnli
189 1336 297 1413 iugera
310 1354 406 1415 pauca
422 1336 576 1398 Martialis

116 1420 226 1480 Hortis
239 1417 448 1498 Hesperidum
462 1422 601 1481 beatiora

114 1503 222 1581 Longo
236 1501 362 1562 Ianiculi
375 1504 446 1582 iugo
463 1506 663 1565 recumbunt:

114 1587 189 1657 Lati
201 1583 333 1646 collibus
347 1587 509 1647 imminent
522 1607 663 1659 recessus

93 1671 159 1732 ant
172 1660 286 1750 planns'
295 1669 416 1732 modico
435 1676 555 1732 tumore
569 1680 677 1734 vertex

116 1753 211 1816 Caelo
226 1754 400 1835 perfruitur
415 1757 593 1836 sereniore,

114 1840 156 1899 Et
171 1858 278 1898 curvas
295 1838 548 1919 nebula'tegente
562 1839 658 1902 valles

116 1920 208 1993 Solus
221 1920 293 1983 luce
306 1923 387 1983 nitet
401 1923 568 2003 peculiari:

116 2008 207 2067 Puris
221 2006 337 2067 leniter
352 2006 553 2069 admoventur
568 2009 659 2069 astris

72 2089 225 2159 roeclnc
243 2089 373 2150 culmina
388 2090 521 2152 delicata
534 2091 633 2154 villae.

115 2175 198 2234 Hinc
213 2181 333 2254 septem
349 2173 489 2237 dominos
503 2175 611 2236 videre
626 2183 747 2237 montes

114 2259 157 2319 Et
170 2266 266 2318 totam
279 2257 357 2318 licet
371 2261 534 2320 aestimare
548 2260 691 2335 Romam,

116 2341 254 2402 Albanos
268 2361 390 2422 quoque
406 2342 621 2423 Tusculosque
636 2341 733 2404 colles

114 2427 156 2486 Et
171 2425 375 2505 quodcunque
390 2427 471 2487 iacet
485 2430 540 2488 snb
558 2430 633 2488 urbe
648 2428 762 2507 frigus,

71 2522 106 2574 15
113 2510 249 2571 Fidenas
264 2517 388 2571 veteres
404 2512 575 2590 brevesque
590 2513 727 2591 Rubras,

113 2595 156 2655 Et
173 2593 254 2675 quod
270 2595 409 2674 virgineo
424 2615 535 2657 cruore
550 2596 670 2675 gaudet„

113 2680 223 2740 Annae
236 2679 421 2758 pomiferum
437 2699 544 2753 nemus
558 2680 729 2746 Perennae.

101 2763 204 2841 „Illinc
218 2761 391 2825 Flaminiae
406 2762 605 2840 Salariaeque

11 2838 41 2895 ³⁶³
67 2850 75 2855 ”
114 2851 264 2910 Gestator
279 2855 366 2930 patet
380 2848 491 2909 essedo
507 2856 645 2925 tacente,

69 2934 160 2997 ooNc
174 2931 290 2995 blando
307 2941 376 2993 rota
390 2935 432 2994 ait
445 2932 575 2993 molesta
588 2952 711 3009 somno,

113 3019 213 3096 Quem
226 3038 286 3080 nec
299 3037 445 3099 rumpere
460 3019 614 3079 nauticum
630 3014 786 3089 celeuma,

111 3103 179 3164 Nec
193 3102 311 3165 elamor
325 3103 407 3165 valet
421 3103 656 3181 helciariorum,

112 3189 192 3250 Cum
205 3190 322 3250 uittam
336 3208 434 3269 prope
449 3186 601 3264 Mulvius,
622 3204 804 3265 sacrumque

111 3273 233 3355 Lapsae
248 3293 307 3356 per
321 3272 462 3334 Tiberim
477 3270 583 3332 volent
596 3272 727 3332 carlnae.

67 3359 181 3423 zanoe
195 3378 265 3437 rua,
287 3377 343 3418 seu
358 3358 461 3438 potius
475 3355 582 3416 domus
597 3352 811 3430 vocandam,

112 3443 318 3506 Commendat
332 3441 489 3502 domiuus:
508 3450 590 3502 tuam
604 3439 749 3523 putabla3
827 3515 877 3583 ν
