2370 3840
324 191 666 253 EPIGRAMliLiTON
679 193 753 254 LlB.
768 194 790 254 l.

123 346 282 423 Argenta,
304 337 499 422 nive,'lilio‚
522 343 669 421 ligustro:

123 428 187 489 seu
201 426 353 508 quandam
365 427 436 488 valo
450 434 543 486 nocte
561 429 748 506 nigriorem,

102 513 288 590 fillormica,
308 514 397 592 pice,
420 509 561 591 graculo,
580 511 692 573 cicada.

121 598 183 658 lam
197 595 363 676 suspendia
377 614 467 656 aaeva
481 597 652 673 cogitabas:

124 681 156 741 Si
170 683 241 741 novi
256 682 337 740 bene
353 687 404 758 te,
424 677 578 757 Procille,
600 681 693 740 vives.

505 812 611 874 cxvi.

121 926 190 986 lloc
203 944 312 986 nemus
329 932 456 986 aeterno
473 929 611 987 cinerum
625 929 757 987 sacravit
770 927 883 986 honori

162 1009 298 1070 Faenius
316 1017 349 1070 et
363 1009 439 1070 culti
452 1013 559 1090 iugera
573 1009 705 1091 pulchra
719 1008 787 1071 noli.

121 1095 190 1154 llac
203 1096 320 1173 tegitur
335 1096 397 1154 citu
411 1101 500 1175 rapta
514 1096 576 1154 ruis
591 1094 720 1155 Antulla
732 1093 893 1176 sepulcro,

163 1177 232 1238 Hoc
247 1180 309 1238 erit
322 1177 471 1239 Antullae
485 1180 597 1238 mixtus
612 1185 745 1259 uterque
759 1197 882 1260 pareus.

96 1261 157 1324 §Si
172 1263 257 1342 cupit
270 1263 352 1323 hunc
367 1261 496 1343 aliquis,
516 1282 643 1341 moneo,
665 1276 705 1324 ne
721 1269 828 1345 aperet
844 1260 994 1342 agellum:

161 1345 319 1428 Perpetuo
336 1347 467 1407 dominis
483 1348 599 1418 serviet
612 1349 672 1407 iate
688 1349 760 1407 suis.

496 1494 615 1557 cxvii.

58 1599 61 1604 ’
119 1605 266 1668 Occurris
284 1610 443 1688 quotiens,
464 1608 625 1689 Luperca,
647 1611 753 1671 nobis:

52 1737 61 1743 -
119 1689 198 1770 „vis
210 1693 329 1752 mittam
343 1693 495 1774 puerum“
511 1693 642 1754 subinde
657 1694 751 1773 dicia,

118 1775 200 1853 „cu
214 1775 319 1836 tradas
335 1778 577 1856 epigrammaton
593 1776 755 1856 libellum,

118 1858 248 1920 Lectum
264 1878 355 1940 quem
369 1861 428 1921 tibi
440 1863 583 1939 protinus
598 1864 755 1923 remittam
761 1863 799 1922 ’.Μ

95 1943 192 2005 5Non
210 1950 259 2004 eat
274 1942 357 2023 quod
370 1962 517 2025 puerum,
538 1945 698 2026 Luperce,
719 1965 821 2010 vexes.

117 2026 258 2106 Longum
273 2034 339 2104 eat,
361 2030 388 2088 ai
402 2027 478 2089 velit
493 2028 532 2089 ad
547 2029 655 2090 Pirum
669 2032 794 2109 venire,

118 2111 160 2172 Et
175 2110 267 2172 scalis
281 2112 387 2173 habito
402 2113 519 2190 tribua,
541 2113 598 2173 sed
613 2113 693 2174 altis.
719 2178 722 2182 Δ

119 2195 210 2271 Quod
225 2197 350 2276 qnaeris
364 2198 492 2277 propius
508 2203 597 2277 petar
610 2195 729 2260 licebit.

118 2279 197 2358 Argi
210 2298 324 2361 nempe
340 2278 425 2341 solea
443 2282 549 2341 subire
563 2279 676 2342 letum:

75 2372 111 2425 10
118 2364 237 2424 Contra
251 2365 394 2425 Caesaris
409 2370 458 2424 est
470 2365 572 2425 forum
588 2367 718 2427 taberna

118 2446 251 2528 Scriptis
268 2450 409 2529 portibus
423 2449 495 2509 hinc
511 2456 543 2509 et
559 2448 633 2510 inde
647 2452 740 2528 tutia,

119 2531 234 2592 Omnes
248 2541 282 2592 ut
300 2534 361 2593 cito
376 2530 520 2614 perlegas
534 2541 652 2614 poetas.

117 2613 207 2696 Illinc
221 2635 271 2676 me
284 2623 377 2697 pete,
399 2635 458 2676 nec
475 2635 567 2695 roges
581 2618 762 2696 Atrectum,
777 2650 821 2662 -

118 2699 187 2760 lica
202 2719 316 2761 nomeu
331 2699 471 2761 domiuus
487 2702 568 2780 gerit
582 2703 748 2780 tabernae,
769 2735 810 2745 —

75 2784 164 2846 15De
177 2786 278 2864 primo
293 2784 380 2846 dabit
394 2782 532 2844 alterove
546 2783 620 2844 nido

117 2867 230 2929 Rasum
244 2869 366 2950 pumice
380 2886 578 2949 purpuraque
594 2869 709 2928 cultum

118 2950 251 3013 Denaris
265 2954 324 3013 tibi
340 2953 476 3032 quinque
491 2951 676 3013 Martialem.

117 3036 234 3114 „Tanti
249 3056 312 3098 non
330 3036 385 3095 es“
400 3037 468 3097 ais?
490 3036 596 3117 Sapit,
618 3037 771 3117 Luperca.

487 3169 620 3232 cxvffl.

104 3283 178 3344 ¹(ini
190 3283 307 3364 legisse
322 3287 397 3346 natis
410 3306 473 3347 non
488 3293 536 3346 est
551 3287 769 3366 epigrammata
785 3293 925 3363 centnm,

74 3378 79 3391 '
159 3367 212 3429 Nil
221 3367 269 3430 illi
283 3371 358 3430 satis
373 3376 439 3450 eat,
461 3369 664 3450 Caedicium,
686 3369 768 3434 mali.

449 3513 657 3527 Dn-——s

1043 195 1085 258 39
