2370 3840
425 191 469 254 M.
484 190 577 254 VAL.
594 191 820 253 Mnhumuls

156 355 174 407 5
187 341 368 424 Deprendat
382 361 476 402 vacuo
489 348 617 403 venator
629 343 663 402 in
677 345 749 403 aere
762 343 925 424 praedam,

232 427 265 495 Si
282 432 407 508 captare
421 426 505 487 feras
520 428 646 507 aucupis
659 433 726 487 arte
740 426 851 508 placet.

586 543 650 607 xli.

187 645 273 706 luter
290 644 461 704 Caesareae
476 642 654 703 discrimina
669 661 759 703 saeva
771 643 887 705 Dianae

228 728 364 789 Fixisset
377 724 531 806 gravidam
543 746 611 788 cum
625 723 703 787 levis
717 726 805 787 hasta
818 746 920 807 suem,

186 810 303 874 Exiluit
316 817 422 891 partus
438 811 569 871 mirerae
584 809 624 870 de
639 809 767 871 vulnere
781 813 895 873 matris.
992 834 995 841 ·

230 897 256 956 0
270 895 387 955 Lucina
401 894 508 973 ferox,
525 895 584 954 hoc
598 895 759 975 peperisse
770 895 851 956 funt

164 978 334 1042 oPluribus
350 975 405 1038 illa
419 979 498 1038 mori
511 977 659 1038 voluisset
673 980 773 1039 saucia
788 977 878 1059 telis,

229 1063 377 1125 Omnibus
392 1070 427 1123 ut
439 1062 521 1122 natis
535 1062 627 1122 triste
643 1069 768 1143 pateret
781 1064 853 1125 iter.

187 1147 263 1225 Quis
277 1154 371 1226 negat
384 1164 454 1207 esse
470 1153 567 1206 satum
581 1152 720 1207 materno
734 1147 846 1208 iuuere
863 1148 1038 1210 Bacchum?

229 1231 281 1293 Sic
296 1231 434 1312 genitum
447 1248 559 1291 numen
576 1229 712 1291 credite:
735 1237 806 1291 nata
820 1233 889 1294 fera
903 1239 961 1295 est.
1064 1303 1066 1307 ,

577 1350 654 1412 XIII.

185 1449 249 1509 icta
263 1449 348 1527 gravi
361 1449 427 1511 telo
445 1451 649 1530 confossaque
662 1447 791 1528 vulnere
806 1456 904 1508 mater

230 1530 289 1592 Suo
303 1532 425 1611 pariter
436 1534 528 1593 vitam
542 1532 682 1614 perdidit
696 1540 788 1612 atque
803 1531 898 1593 dedit.
991 1586 994 1591 .

184 1616 211 1675 0
229 1634 318 1694 quam
334 1621 419 1675 certa
433 1615 494 1675 fuit
506 1615 620 1676 librato
638 1614 764 1677 dextera
779 1617 881 1677 ferro!

228 1698 316 1759 Hanc
332 1716 390 1778 ego
404 1699 539 1760 Lucinae
556 1697 650 1760 credo
665 1693 760 1762 fuisse
776 1701 904 1760 manum,

161 1783 321 1863 5Experta
342 1789 390 1843 est
403 1801 516 1843 numen
531 1785 667 1844 moriens
679 1785 839 1861 utriusque
854 1785 986 1861 Dianae,

120 1919 123 1924 .
226 1866 355 1947 Quaque
371 1863 472 1928 soluta
484 1886 597 1948 parens
613 1887 733 1948 quaque
747 1874 909 1948 perempta
922 1869 990 1928 fera
1004 1875 1061 1929 est.

574 1985 655 2047 xlv.

184 2081 243 2143 Sus
257 2083 400 2144 seratam
414 2085 538 2164 gravior
552 2086 664 2146 maturi
679 2085 810 2167 pignore
825 2085 943 2146 ventris

224 2168 337 2229 Emisit
350 2148 465 2248 fetori,
486 2168 614 2231 vulnere
628 2170 710 2231 facta
724 2189 854 2251 parcns;

181 2251 246 2311 Nec
260 2253 355 2313 iacuit
367 2259 490 2333 partus,
511 2253 568 2314 sed
580 2258 679 2313 matre
694 2254 824 2314 cadente
839 2255 985 2313 cucurrit.

226 2332 252 2394 0
268 2342 413 2414 quantum
429 2343 478 2394 est
491 2337 601 2395 subitis
618 2337 737 2396 casibus
750 2336 922 2414 ingenium!

582 2451 650 2514 XV.

183 2548 306 2610 Summa
319 2554 409 2628 tuae,
430 2547 610 2628 Meleagre,
631 2549 692 2609 fuit
708 2567 785 2628 quae
799 2548 898 2628 gloria
911 2548 1025 2627 famae,

226 2633 379 2711 Quantum
394 2635 458 2695 est!
487 2634 681 2714 Carpophori
695 2634 798 2713 portio
812 2633 898 2693 fusus
915 2651 998 2712 aper.

181 2715 241 2778 llle
256 2724 289 2778 et
302 2718 467 2799 praecipiti
483 2716 631 2779 venabula
647 2714 787 2778 condidit
800 2736 889 2796 urso,

224 2802 346 2862 Primus
359 2803 392 2863 in
408 2802 517 2863 Arctoi
532 2803 585 2882 qui
598 2801 658 2862 fuit
672 2819 743 2861 arce
757 2797 840 2881 poli,

159 2884 299 2947 ostravit
313 2891 345 2945 et
359 2888 463 2965 ignota
479 2883 679 2966 spectandum
693 2883 775 2946 mole
791 2884 931 2964 leonem,

224 2969 396 3030 Herculeas
409 2971 512 3050 potuit
527 2972 579 3049 qui
593 2968 734 3030 decuisse
750 2988 872 3046 manus,

180 3053 221 3116 Et
233 3053 391 3114 volucrem
403 3051 497 3133 longo
512 3055 652 3134 porrexit
665 3053 793 3115 volnere
807 3049 945 3133 pardum.

224 3138 366 3199 Praemia
384 3157 452 3198 cum
467 3136 592 3198 tandem
605 3138 723 3217 ferret,
743 3135 842 3198 adhuc
854 3140 989 3217 poterat.

581 3256 662 3320 xvi.

184 3352 301 3435 Raptus
316 3353 380 3416 abit
394 3353 494 3418 media
510 3355 592 3436 quod
606 3355 645 3415 ad
660 3357 786 3416 aethera
801 3362 905 3416 taurus
919 3356 1051 3433 harena,

223 3439 293 3499 Non
306 3439 367 3500 fuit
380 3441 439 3501 hoc
455 3441 547 3521 artis,
569 3439 626 3502 sed
639 3441 764 3522 pietatis
780 3459 864 3521 opus.
