2370 3840
89 173 148 238 122
407 173 451 233 M.
468 171 559 235 VAL.
575 171 798 233 MARTIALIS

170 327 238 388 Non
253 325 386 386 deerunt
398 331 501 384 tamen
515 326 572 384 hac
585 326 617 383 in
632 325 708 384 urhe
726 324 829 385 forsan

170 411 257 472 Unus
271 410 321 471 vel
335 407 395 468 duo
410 415 513 469 tresve
529 414 726 487 quattuorve,

131 492 288 557 loPellem
303 492 416 553 rodere
433 494 485 570 qui
499 492 595 553 velint
610 493 760 552 caninam:

169 576 232 638 Nos
248 577 305 637 hac
318 598 335 636 a
349 577 450 636 scabie
465 584 605 637 tenemus
619 595 745 655 ungnes.

564 709 639 769 LXl.

172 821 333 905 Crispulus
348 824 407 883 iste
424 825 492 902 quis
507 829 570 900 est,
592 825 679 882 uxori
695 843 818 904 semper
833 823 980 885 adhaeret

214 909 288 984 Qui,
310 907 468 983 Marione,
490 907 583 966 tuae‘.l
606 908 756 987 crispulus
771 910 831 968 iste
847 910 914 988 quis
929 911 998 970 est?

169 993 283 1054 Nescio
299 989 373 1070 quid
388 990 528 1050 dominae
543 998 681 1050 teneram
698 993 749 1070 qni
765 993 862 1071 garrit
875 994 907 1052 in
923 1013 1027 1055 aurem

211 1077 252 1136 Et
268 1073 373 1135 sellam
389 1076 491 1134 cubito
506 1073 683 1136 dexteriore
697 1076 833 1154 premit?

147 1161 233 1222 6Per
248 1159 334 1219 cuius
348 1156 461 1236 digitos
476 1160 574 1218 currit
586 1159 662 1219 levis
677 1157 785 1219 anulus
800 1179 921 1239 omnes,

213 1244 312 1304 Crura
331 1244 412 1320 gerit
424 1240 510 1302 nullo
529 1243 580 1322 qui
593 1240 706 1303 violata
719 1241 806 1323 pilo?
909 1287 913 1293 -

168 1325 220 1387 Nil
233 1326 307 1386 mihi
322 1324 515 1406 respondes?
542 1327 676 1405 „Uxoris
691 1346 742 1387 res
757 1328 841 1407 agit“
855 1330 957 1407 inquis

211 1410 294 1490 „late
308 1410 426 1469 meae.“
453 1410 533 1470 Sane
549 1416 651 1470 certus
667 1417 700 1471 et
714 1431 804 1491 asper
817 1413 907 1472 homo
923 1419 986 1490 est,

171 1493 409 1555 Procuratorem
424 1493 509 1554 voltu
529 1495 581 1574 qui
594 1495 752 1574 praeierat
764 1497 847 1576 ipso:

130 1587 165 1641 10
211 1578 323 1638 Acrior
337 1577 395 1637 hoe
411 1578 506 1638 Chius
521 1597 582 1637 non
598 1580 659 1638 erit
673 1577 821 1639 Aufidius.

171 1661 197 1722 0
214 1680 301 1740 quam
317 1659 426 1738 diguus
441 1679 511 1720 eras
527 1659 639 1741 alapia,
661 1662 819 1740 Marione,
841 1663 957 1724 Latini:

213 1744 261 1804 'l'e
276 1761 487 1804 successurum
506 1744 600 1804 credo
616 1763 672 1823 ego
689 1745 867 1808 Panniculo.

170 1829 232 1890 ltes
248 1828 350 1887 uxoris
368 1828 453 1905 agit?
474 1847 526 1888 res
541 1827 622 1889 ullas
636 1827 789 1909 crispulus
804 1832 886 1892 iste?

212 1913 274 1972 lies
286 1930 347 1970 non
362 1912 481 1990 uxoris,
501 1931 553 1972 res
568 1913 631 1991 agit
644 1913 704 1972 iste
722 1920 798 1975 tuas.

558 2046 647 2108 LXII.

170 2157 241 2219 lure
256 2164 309 2219 tuo
326 2160 440 2219 nostris
456 2179 579 2221 maneas
593 2159 686 2237 lieet,
710 2161 840 2239 hospes,
864 2160 894 2218 iu
915 2159 1031 2237 hortis,

213 2243 246 2304 Si
260 2249 349 2323 potes
364 2245 396 2302 in
412 2243 494 2304 nudo
508 2263 626 2324 ponere
644 2245 779 2303 membra
794 2241 878 2320 solo,

171 2327 234 2388 Aut
248 2329 273 2387 si
288 2334 430 2407 portatur
444 2334 545 2388 tecum
561 2329 618 2387 tibi
633 2347 740 2406 magna
756 2324 910 2406 supellex:

212 2409 287 2470 Nam
304 2429 371 2470 mea
387 2412 446 2469 iam
464 2410 590 2489 digitum
606 2410 730 2470 sustulit
743 2411 926 2490 hospitibus.

148 2493 264 2556 iNulla
278 2495 358 2571 tegit
371 2495 487 2554 fractos
502 2513 559 2553 nec
575 2496 674 2554 inanis
690 2492 800 2553 culcita
814 2493 931 2571 lectos,

210 2577 315 2637 Putris
329 2583 363 2637 et
376 2579 504 2657 abrupta
518 2577 613 2637 fascia
629 2582 714 2637 reste
728 2577 817 2640 iacet.

169 2659 218 2720 Sit
231 2666 332 2720 tamen
344 2662 510 2741 hospitium
526 2662 614 2721 nobis
628 2680 787 2720 commune
804 2660 936 2721 duobus:

211 2744 280 2803 Emi
295 2745 417 2820 hortos;
438 2743 508 2825 plus
524 2751 587 2806 est:
609 2746 729 2805 instrue
745 2752 795 2818 tu;
816 2744 915 2804 minus
931 2750 987 2804 cst.

551 2878 654 2942 Llllll.

170 2991 274 3073 „Quid
288 2994 407 3054 sentis“
421 2995 523 3074 inquis
541 2994 602 3070 „de
617 2996 748 3074 nostris,
771 2995 894 3071 Marce,
914 2981 1075 3053 libaturi<

212 3077 264 3138 Sic
280 3097 329 3138 me
345 3076 510 3157 sollicitus,
532 3078 678 3158 Pontice,
700 3097 792 3159 saepe
807 3096 905 3156 rogas.

173 3161 331 3240 ldmiror,
353 3167 476 3241 stupeo=
497 3162 576 3222 nihil
591 3171 640 3223 est
652 3164 822 3243 perfectius
837 3159 916 3239 illis,

212 3245 281 3326 lpse
297 3252 348 3306 tuo
363 3245 455 3306 cedet
468 3246 602 3325 Regulus
617 3248 750 3325 ingenio.

148 3329 262 3409 5„an
277 3330 418 3391 ιιιιιιὶιῗιι
438 3331 540 3410 inquis
554 3331 669 3410 „iaciat
684 3331 740 3391 tibi
755 3332 799 3390 sic
812 3331 892 3390 bene
908 3329 1038 3407 Caesar,

216 3413 267 3474 Sic
284 3414 476 3496 Capitolinus
491 3414 661 3496 luppiter.“
689 3415 782 3474 lmmo
800 3415 868 3482 tihi,
