<?xml version="1.0" encoding="UTF-8"?>
<!DOCTYPE html PUBLIC "-//W3C//DTD XHTML 1.0 Transitional//EN"
    "http://www.w3.org/TR/xhtml1/DTD/xhtml1-transitional.dtd">
<html xmlns="http://www.w3.org/1999/xhtml" xml:lang="en" lang="en">
 <head>
  <title>
</title>
<meta http-equiv="Content-Type" content="text/html;charset=utf-8" />
  <meta name='ocr-system' content='tesseract 3.04.00' />
  <meta name='ocr-capabilities' content='ocr_page ocr_carea ocr_par ocr_line ocrx_word'/>
</head>
<body>
  <div class='ocr_page' id='page_1' title='image "./epigrammatonlib00schngoog_0285.png"; bbox 0 0 2370 3840; ppageno 0'>
   <div class='ocr_carea' id='block_1_1' title="bbox 92 183 806 250">
    <p class='ocr_par' dir='ltr' id='par_1_1' title="bbox 92 183 806 250">
     <span class='ocr_line' id='line_1_1' title="bbox 92 183 806 250; baseline -0.006 0"><span class='ocrx_word' id='word_1_1' title='bbox 92 185 154 250; x_wconf 75' lang='lat'>280</span> <span class='ocrx_word' id='word_1_2' title='bbox 413 184 458 246; x_wconf 89' lang='grc' dir='ltr'>Μ.</span> <span class='ocrx_word' id='word_1_3' title='bbox 472 184 563 246; x_wconf 89' lang='lat' dir='ltr'><strong>VAL.</strong></span> <span class='ocrx_word' id='word_1_4' title='bbox 579 183 806 246; x_wconf 81' lang='lat' dir='ltr'>MARTIALIS</span> 
     </span>
    </p>
   </div>
   <div class='ocr_carea' id='block_1_2' title="bbox 155 333 930 831">
    <p class='ocr_par' dir='ltr' id='par_1_2' title="bbox 177 333 930 496">
     <span class='ocr_line' id='line_1_2' title="bbox 177 333 930 415; baseline -0.001 -19"><span class='ocrx_word' id='word_1_5' title='bbox 177 337 258 415; x_wconf 80' lang='lat' dir='ltr'>Quor</span> <span class='ocrx_word' id='word_1_6' title='bbox 273 354 341 395; x_wconf 87' lang='lat' dir='ltr'>oum</span> <span class='ocrx_word' id='word_1_7' title='bbox 358 342 466 395; x_wconf 75' lang='lat' dir='ltr'>coneto</span> <span class='ocrx_word' id='word_1_8' title='bbox 481 353 515 394; x_wconf 77' lang='lat' dir='ltr'>es</span> <span class='ocrx_word' id='word_1_9' title='bbox 535 333 658 412; x_wconf 82' lang='lat' dir='ltr'>dextre,</span> <span class='ocrx_word' id='word_1_10' title='bbox 682 341 789 394; x_wconf 83' lang='lat' dir='ltr'>coneto</span> <span class='ocrx_word' id='word_1_11' title='bbox 804 336 930 395; x_wconf 81' lang='lat' dir='ltr'>sinistre</span> 
     </span>
     <span class='ocr_line' id='line_1_3' title="bbox 218 416 914 496; baseline -0.001 -14"><span class='ocrx_word' id='word_1_12' title='bbox 218 418 364 495; x_wconf 81' lang='lat' dir='ltr'><strong>Vellere,</strong></span> <span class='ocrx_word' id='word_1_13' title='bbox 388 438 455 479; x_wconf 88' lang='lat' dir='ltr'>cum</span> <span class='ocrx_word' id='word_1_14' title='bbox 468 416 604 480; x_wconf 80' lang='lat' dir='ltr'><strong>lacrimis</strong></span> <span class='ocrx_word' id='word_1_15' title='bbox 619 419 725 478; x_wconf 74' lang='lat' dir='ltr'>eximin</span> <span class='ocrx_word' id='word_1_16' title='bbox 741 424 774 478; x_wconf 88' lang='lat' dir='ltr'>et</span> <span class='ocrx_word' id='word_1_17' title='bbox 788 420 914 496; x_wconf 81' lang='lat' dir='ltr'>gemitu.</span> 
     </span>
    </p>

    <p class='ocr_par' dir='ltr' id='par_1_3' title="bbox 155 498 928 665">
     <span class='ocr_line' id='line_1_4' title="bbox 155 498 928 581; baseline -0.004 -15"><span class='ocrx_word' id='word_1_18' title='bbox 155 502 230 566; x_wconf 73' lang='lat' dir='ltr'>tsie</span> <span class='ocrx_word' id='word_1_19' title='bbox 244 504 496 580; x_wconf 82' lang='lat' dir='ltr'>constringuntur</span> <span class='ocrx_word' id='word_1_20' title='bbox 511 503 631 580; x_wconf 72' lang='lat' dir='ltr'>gemine</span> <span class='ocrx_word' id='word_1_21' title='bbox 647 498 850 581; x_wconf 81' lang='lat' dir='ltr'>Symplegade</span> <span class='ocrx_word' id='word_1_22' title='bbox 866 501 928 563; x_wconf 87' lang='lat' dir='ltr'><strong>culi</strong></span> 
     </span>
     <span class='ocr_line' id='line_1_5' title="bbox 219 585 854 665; baseline -0.002 -19"><span class='ocrx_word' id='word_1_23' title='bbox 219 587 260 646; x_wconf 81' lang='lat' dir='ltr'>Et</span> <span class='ocrx_word' id='word_1_24' title='bbox 273 585 395 665; x_wconf 80' lang='lat' dir='ltr'><strong>Minyas</strong></span> <span class='ocrx_word' id='word_1_25' title='bbox 409 587 527 646; x_wconf 81' lang='lat' dir='ltr'>intrant</span> <span class='ocrx_word' id='word_1_26' title='bbox 543 586 743 665; x_wconf 73' lang='lat' dir='ltr'>Cyaneasque</span> <span class='ocrx_word' id='word_1_27' title='bbox 757 592 854 645; x_wconf 79' lang='lat' dir='ltr'>netes.</span> 
     </span>
    </p>

    <p class='ocr_par' dir='ltr' id='par_1_4' title="bbox 176 666 909 831">
     <span class='ocr_line' id='line_1_6' title="bbox 176 666 909 749; baseline -0.003 -19"><span class='ocrx_word' id='word_1_28' title='bbox 176 668 351 730; x_wconf 80' lang='lat' dir='ltr'>Emendare</span> <span class='ocrx_word' id='word_1_29' title='bbox 367 672 452 749; x_wconf 81' lang='lat' dir='ltr'>oupio</span> <span class='ocrx_word' id='word_1_30' title='bbox 466 671 574 730; x_wconf 81' lang='lat' dir='ltr'>vitium</span> <span class='ocrx_word' id='word_1_31' title='bbox 589 667 753 729; x_wconf 72' lang='lat' dir='ltr'>deforme?</span> <span class='ocrx_word' id='word_1_32' title='bbox 774 666 909 728; x_wconf 83' lang='lat' dir='ltr'>docebo:</span> 
     </span>
     <span class='ocr_line' id='line_1_7' title="bbox 218 750 906 831; baseline -0.001 -18"><span class='ocrx_word' id='word_1_33' title='bbox 218 754 346 831; x_wconf 80' lang='lat' dir='ltr'>Lesbio,</span> <span class='ocrx_word' id='word_1_34' title='bbox 367 770 426 814; x_wconf 86' lang='lat' dir='ltr'>neo</span> <span class='ocrx_word' id='word_1_35' title='bbox 439 772 545 831; x_wconf 75' lang='lat' dir='ltr'>surges</span> <span class='ocrx_word' id='word_1_36' title='bbox 561 770 689 828; x_wconf 86' lang='lat' dir='ltr'>censeo,</span> <span class='ocrx_word' id='word_1_37' title='bbox 712 770 770 811; x_wconf 84' lang='lat' dir='ltr'>neo</span> <span class='ocrx_word' id='word_1_38' title='bbox 788 750 906 813; x_wconf 79' lang='lat' dir='ltr'>rredee.</span> 
     </span>
    </p>
   </div>
   <div class='ocr_carea' id='block_1_3' title="bbox 596 885 630 945">
    <p class='ocr_par' dir='ltr' id='par_1_5' title="bbox 596 885 630 945">
     <span class='ocr_line' id='line_1_8' title="bbox 596 885 630 945; baseline -0.029 0"><span class='ocrx_word' id='word_1_39' title='bbox 596 885 630 945; x_wconf 82' lang='lat'>0.</span> 
     </span>
    </p>
   </div>
   <div class='ocr_carea' id='block_1_4' title="bbox 175 990 875 1493">
    <p class='ocr_par' dir='ltr' id='par_1_6' title="bbox 175 990 875 1154">
     <span class='ocr_line' id='line_1_9' title="bbox 175 990 875 1071; baseline -0.006 -14"><span class='ocrx_word' id='word_1_40' title='bbox 175 998 302 1056; x_wconf 82' lang='lat' dir='ltr'>Habere</span> <span class='ocrx_word' id='word_1_41' title='bbox 317 995 442 1054; x_wconf 69' lang='lat' dir='ltr'>emicem</span> <span class='ocrx_word' id='word_1_42' title='bbox 457 993 546 1069; x_wconf 85' lang='lat' dir='ltr'>nolo,</span> <span class='ocrx_word' id='word_1_43' title='bbox 564 992 693 1071; x_wconf 82' lang='lat' dir='ltr'>Floooe,</span> <span class='ocrx_word' id='word_1_44' title='bbox 715 990 875 1070; x_wconf 77' lang='lat' dir='ltr'>subtilem,</span> 
     </span>
     <span class='ocr_line' id='line_1_10' title="bbox 177 1074 753 1154; baseline -0.005 -15"><span class='ocrx_word' id='word_1_45' title='bbox 177 1081 271 1141; x_wconf 78' lang='lat' dir='ltr'><strong>cuius</strong></span> <span class='ocrx_word' id='word_1_46' title='bbox 285 1078 420 1139; x_wconf 78' lang='lat' dir='ltr'>lacertos</span> <span class='ocrx_word' id='word_1_47' title='bbox 438 1074 520 1136; x_wconf 80' lang='lat' dir='ltr'><strong>anuli</strong></span> <span class='ocrx_word' id='word_1_48' title='bbox 537 1078 599 1136; x_wconf 91' lang='lat' dir='ltr'>mei</span> <span class='ocrx_word' id='word_1_49' title='bbox 614 1077 753 1154; x_wconf 78' lang='lat' dir='ltr'>cingant,</span> 
     </span>
    </p>

    <p class='ocr_par' dir='ltr' id='par_1_7' title="bbox 177 1159 855 1493">
     <span class='ocr_line' id='line_1_11' title="bbox 177 1159 855 1240; baseline -0.006 -18"><span class='ocrx_word' id='word_1_50' title='bbox 177 1165 262 1240; x_wconf 79' lang='lat' dir='ltr'>Quae</span> <span class='ocrx_word' id='word_1_51' title='bbox 277 1160 368 1223; x_wconf 85' lang='lat' dir='ltr'>clune</span> <span class='ocrx_word' id='word_1_52' title='bbox 382 1160 464 1221; x_wconf 89' lang='lat' dir='ltr'>nudo</span> <span class='ocrx_word' id='word_1_53' title='bbox 480 1159 568 1220; x_wconf 80' lang='lat' dir='ltr'>radat</span> <span class='ocrx_word' id='word_1_54' title='bbox 583 1166 615 1219; x_wconf 91' lang='lat' dir='ltr'>et</span> <span class='ocrx_word' id='word_1_55' title='bbox 630 1177 710 1238; x_wconf 86' lang='lat' dir='ltr'>genu</span> <span class='ocrx_word' id='word_1_56' title='bbox 723 1164 855 1240; x_wconf 73' lang='lat' dir='ltr'>punget,</span> 
     </span>
     <span class='ocr_line' id='line_1_12' title="bbox 178 1241 828 1324; baseline -0.009 -16"><span class='ocrx_word' id='word_1_57' title='bbox 178 1248 236 1309; x_wconf 79' lang='lat' dir='ltr'>coi</span> <span class='ocrx_word' id='word_1_58' title='bbox 251 1265 338 1306; x_wconf 76' lang='lat' dir='ltr'>serre</span> <span class='ocrx_word' id='word_1_59' title='bbox 351 1243 480 1322; x_wconf 74' lang='lat' dir='ltr'><strong>lumbis,</strong></span> <span class='ocrx_word' id='word_1_60' title='bbox 503 1244 605 1324; x_wconf 78' lang='lat' dir='ltr'><strong>cuspis</strong></span> <span class='ocrx_word' id='word_1_61' title='bbox 621 1244 734 1303; x_wconf 85' lang='lat' dir='ltr'>emicet</span> <span class='ocrx_word' id='word_1_62' title='bbox 748 1241 828 1302; x_wconf 84' lang='lat' dir='ltr'>culo.</span> 
     </span>
     <span class='ocr_line' id='line_1_13' title="bbox 177 1325 838 1391; baseline -0.003 -1"><span class='ocrx_word' id='word_1_63' title='bbox 177 1329 241 1390; x_wconf 86' lang='lat' dir='ltr'>Sed</span> <span class='ocrx_word' id='word_1_64' title='bbox 254 1330 337 1391; x_wconf 88' lang='lat' dir='ltr'>idem</span> <span class='ocrx_word' id='word_1_65' title='bbox 353 1329 479 1389; x_wconf 80' lang='lat' dir='ltr'>emicem</span> <span class='ocrx_word' id='word_1_66' title='bbox 493 1326 567 1387; x_wconf 85' lang='lat' dir='ltr'>nolo</span> <span class='ocrx_word' id='word_1_67' title='bbox 581 1326 665 1387; x_wconf 86' lang='lat' dir='ltr'>mille</span> <span class='ocrx_word' id='word_1_68' title='bbox 679 1325 838 1388; x_wconf 73' lang='lat' dir='ltr'>librorum.</span> 
     </span>
     <span class='ocr_line' id='line_1_14' title="bbox 177 1412 814 1493; baseline -0.008 -19"><span class='ocrx_word' id='word_1_69' title='bbox 177 1414 438 1490; x_wconf 73' lang='lat' dir='ltr'>camerinorum,</span> <span class='ocrx_word' id='word_1_70' title='bbox 458 1412 648 1493; x_wconf 71' lang='lat' dir='ltr'><strong>pinguiarius</strong></span> <span class='ocrx_word' id='word_1_71' title='bbox 662 1430 724 1471; x_wconf 89' lang='lat' dir='ltr'>non</span> <span class='ocrx_word' id='word_1_72' title='bbox 740 1430 814 1469; x_wconf 85' lang='lat' dir='ltr'>sum.</span> 
     </span>
    </p>
   </div>
   <div class='ocr_carea' id='block_1_5' title="bbox 596 1544 643 1604">
    <p class='ocr_par' dir='ltr' id='par_1_8' title="bbox 596 1544 643 1604">
     <span class='ocr_line' id='line_1_15' title="bbox 596 1544 643 1604; baseline -0.021 0"><span class='ocrx_word' id='word_1_73' title='bbox 596 1544 643 1604; x_wconf 80' lang='lat'>01.</span> 
     </span>
    </p>
   </div>
   <div class='ocr_carea' id='block_1_6' title="bbox 180 1638 1060 1806">
    <p class='ocr_par' dir='ltr' id='par_1_9' title="bbox 180 1638 1060 1806">
     <span class='ocr_line' id='line_1_16' title="bbox 180 1638 972 1722; baseline -0.001 -19"><span class='ocrx_word' id='word_1_74' title='bbox 180 1642 299 1704; x_wconf 81' lang='lat' dir='ltr'><strong>Thaida</strong></span> <span class='ocrx_word' id='word_1_75' title='bbox 315 1649 376 1702; x_wconf 82' lang='lat' dir='ltr'>tom</span> <span class='ocrx_word' id='word_1_76' title='bbox 392 1648 516 1702; x_wconf 85' lang='lat' dir='ltr'>tenuem</span> <span class='ocrx_word' id='word_1_77' title='bbox 530 1644 675 1722; x_wconf 79' lang='lat' dir='ltr'>potuisti,</span> <span class='ocrx_word' id='word_1_78' title='bbox 695 1641 823 1720; x_wconf 84' lang='lat' dir='ltr'>Fleeoe,</span> <span class='ocrx_word' id='word_1_79' title='bbox 844 1638 972 1702; x_wconf 75' lang='lat' dir='ltr'>videre?</span> 
     </span>
     <span class='ocr_line' id='line_1_17' title="bbox 220 1722 1060 1806; baseline 0.004 -20"><span class='ocrx_word' id='word_1_80' title='bbox 220 1726 286 1803; x_wconf 78' lang='lat' dir='ltr'>Tu,</span> <span class='ocrx_word' id='word_1_81' title='bbox 307 1731 399 1805; x_wconf 86' lang='lat' dir='ltr'>puto,</span> <span class='ocrx_word' id='word_1_82' title='bbox 423 1725 505 1804; x_wconf 90' lang='lat' dir='ltr'>quod</span> <span class='ocrx_word' id='word_1_83' title='bbox 520 1746 581 1786; x_wconf 88' lang='lat' dir='ltr'>non</span> <span class='ocrx_word' id='word_1_84' title='bbox 596 1731 660 1803; x_wconf 82' lang='lat' dir='ltr'>est,</span> <span class='ocrx_word' id='word_1_85' title='bbox 682 1725 812 1804; x_wconf 66' lang='lat' dir='ltr'>Finem,</span> <span class='ocrx_word' id='word_1_86' title='bbox 833 1722 939 1785; x_wconf 84' lang='lat' dir='ltr'>videre</span> <span class='ocrx_word' id='word_1_87' title='bbox 954 1731 1060 1806; x_wconf 73' lang='lat' dir='ltr'>poten.</span> 
     </span>
    </p>
   </div>
   <div class='ocr_carea' id='block_1_7' title="bbox 537 1857 645 1920">
    <p class='ocr_par' dir='ltr' id='par_1_10' title="bbox 537 1857 645 1920">
     <span class='ocr_line' id='line_1_18' title="bbox 537 1857 645 1920; baseline 0.019 -3"><span class='ocrx_word' id='word_1_88' title='bbox 537 1867 538 1871; x_wconf 78' lang='grc'>’</span> <span class='ocrx_word' id='word_1_89' title='bbox 583 1857 645 1920; x_wconf 80' lang='lat'><em>011.</em></span> 
     </span>
    </p>
   </div>
   <div class='ocr_carea' id='block_1_8' title="bbox 176 1955 925 2286">
    <p class='ocr_par' dir='ltr' id='par_1_11' title="bbox 176 1955 925 2286">
     <span class='ocr_line' id='line_1_19' title="bbox 177 1955 924 2036; baseline -0.003 -15"><span class='ocrx_word' id='word_1_90' title='bbox 177 1959 246 2021; x_wconf 87' lang='lat' dir='ltr'>Non</span> <span class='ocrx_word' id='word_1_91' title='bbox 261 1963 309 2018; x_wconf 82' lang='lat' dir='ltr'>ert</span> <span class='ocrx_word' id='word_1_92' title='bbox 323 1959 488 2033; x_wconf 80' lang='lat' dir='ltr'>mentitur,</span> <span class='ocrx_word' id='word_1_93' title='bbox 511 1956 610 2036; x_wconf 84' lang='lat' dir='ltr'>quite</span> <span class='ocrx_word' id='word_1_94' title='bbox 625 1957 700 2018; x_wconf 89' lang='lat' dir='ltr'>mihi</span> <span class='ocrx_word' id='word_1_95' title='bbox 715 1955 793 2018; x_wconf 81' lang='lat' dir='ltr'><strong>dixit</strong></span> <span class='ocrx_word' id='word_1_96' title='bbox 807 1959 924 2019; x_wconf 82' lang='lat' dir='ltr'>habere</span> 
     </span>
     <span class='ocr_line' id='line_1_20' title="bbox 218 2040 903 2121; baseline -0.003 -19"><span class='ocrx_word' id='word_1_97' title='bbox 218 2042 396 2104; x_wconf 78' lang='lat' dir='ltr'><strong>Formosam</strong></span> <span class='ocrx_word' id='word_1_98' title='bbox 414 2059 537 2101; x_wconf 79' lang='lat' dir='ltr'>earnem</span> <span class='ocrx_word' id='word_1_99' title='bbox 546 2040 688 2121; x_wconf 79' lang='lat' dir='ltr'>,&#39;Lydie,</span> <span class='ocrx_word' id='word_1_100' title='bbox 710 2061 771 2101; x_wconf 91' lang='lat' dir='ltr'>non</span> <span class='ocrx_word' id='word_1_101' title='bbox 784 2041 903 2103; x_wconf 78' lang='lat' dir='ltr'>faeiem</span> 
     </span>
     <span class='ocr_line' id='line_1_21' title="bbox 176 2125 925 2202; baseline -0.003 -15"><span class='ocrx_word' id='word_1_102' title='bbox 176 2128 307 2202; x_wconf 70' lang='lat' dir='ltr'>lintion,</span> <span class='ocrx_word' id='word_1_103' title='bbox 330 2127 357 2185; x_wconf 79' lang='lat' dir='ltr'>oi</span> <span class='ocrx_word' id='word_1_104' title='bbox 371 2131 473 2185; x_wconf 81' lang='lat' dir='ltr'>tereos</span> <span class='ocrx_word' id='word_1_105' title='bbox 488 2131 520 2185; x_wconf 90' lang='lat' dir='ltr'>et</span> <span class='ocrx_word' id='word_1_106' title='bbox 535 2125 562 2185; x_wconf 82' lang='lat' dir='ltr'>ri</span> <span class='ocrx_word' id='word_1_107' title='bbox 576 2130 638 2184; x_wconf 80' lang='lat' dir='ltr'>tom</span> <span class='ocrx_word' id='word_1_108' title='bbox 652 2131 736 2184; x_wconf 85' lang='lat' dir='ltr'>muta</span> <span class='ocrx_word' id='word_1_109' title='bbox 749 2126 925 2202; x_wconf 74' lang='lat' dir='ltr'>recumbes,</span> 
     </span>
     <span class='ocr_line' id='line_1_22' title="bbox 220 2206 872 2286; baseline -0.002 -17"><span class='ocrx_word' id='word_1_110' title='bbox 220 2211 316 2286; x_wconf 77' lang='lat' dir='ltr'>Quam</span> <span class='ocrx_word' id='word_1_111' title='bbox 330 2208 426 2268; x_wconf 76' lang='lat' dir='ltr'>silet</span> <span class='ocrx_word' id='word_1_112' title='bbox 416 2227 449 2266; x_wconf 93' lang='grc' dir='ltr'>ιιι</span> <span class='ocrx_word' id='word_1_113' title='bbox 464 2227 536 2268; x_wconf 81' lang='lat' dir='ltr'>cero</span> <span class='ocrx_word' id='word_1_114' title='bbox 549 2206 651 2268; x_wconf 78' lang='lat' dir='ltr'>voltus</span> <span class='ocrx_word' id='word_1_115' title='bbox 667 2209 722 2267; x_wconf 92' lang='lat' dir='ltr'>et</span> <span class='ocrx_word' id='word_1_116' title='bbox 713 2227 745 2267; x_wconf 91' lang='lat' dir='ltr'>m</span> <span class='ocrx_word' id='word_1_117' title='bbox 760 2207 872 2269; x_wconf 79' lang='lat' dir='ltr'>tabule.</span> 
     </span>
    </p>
   </div>
   <div class='ocr_carea' id='block_1_9' title="bbox 155 2288 1138 2622">
    <p class='ocr_par' dir='ltr' id='par_1_12' title="bbox 155 2288 1138 2455">
     <span class='ocr_line' id='line_1_23' title="bbox 155 2288 1138 2372; baseline 0 -18"><span class='ocrx_word' id='word_1_118' title='bbox 155 2291 241 2354; x_wconf 69' lang='lat' dir='ltr'>§Sed</span> <span class='ocrx_word' id='word_1_119' title='bbox 259 2293 401 2370; x_wconf 83' lang='lat' dir='ltr'>quotiens</span> <span class='ocrx_word' id='word_1_120' title='bbox 415 2290 570 2369; x_wconf 65' lang='lat' dir='ltr'>loqueriS,</span> <span class='ocrx_word' id='word_1_121' title='bbox 592 2310 715 2351; x_wconf 81' lang='lat' dir='ltr'>earnem</span> <span class='ocrx_word' id='word_1_122' title='bbox 731 2310 869 2371; x_wconf 84' lang='lat' dir='ltr'>quoque,</span> <span class='ocrx_word' id='word_1_123' title='bbox 882 2288 1002 2371; x_wconf 76' lang='lat' dir='ltr'>Lydio,</span> <span class='ocrx_word' id='word_1_124' title='bbox 1015 2290 1138 2372; x_wconf 72' lang='lat' dir='ltr'>perdiu,</span> 
     </span>
     <span class='ocr_line' id='line_1_24' title="bbox 219 2371 967 2455; baseline -0.003 -19"><span class='ocrx_word' id='word_1_125' title='bbox 219 2378 261 2436; x_wconf 86' lang='lat' dir='ltr'>Et</span> <span class='ocrx_word' id='word_1_126' title='bbox 274 2396 327 2436; x_wconf 83' lang='lat' dir='ltr'>ouo</span> <span class='ocrx_word' id='word_1_127' title='bbox 341 2374 411 2455; x_wconf 84' lang='lat' dir='ltr'>plur</span> <span class='ocrx_word' id='word_1_128' title='bbox 429 2372 524 2454; x_wconf 80' lang='lat' dir='ltr'><strong>nulli,</strong></span> <span class='ocrx_word' id='word_1_129' title='bbox 547 2394 637 2454; x_wconf 85' lang='lat' dir='ltr'>quom</span> <span class='ocrx_word' id='word_1_130' title='bbox 651 2375 724 2453; x_wconf 85' lang='lat' dir='ltr'><strong>tibi,</strong></span> <span class='ocrx_word' id='word_1_131' title='bbox 744 2371 849 2453; x_wconf 81' lang='lat' dir='ltr'><strong>lingua</strong></span> <span class='ocrx_word' id='word_1_132' title='bbox 867 2379 967 2434; x_wconf 86' lang='lat' dir='ltr'>nocet.</span> 
     </span>
    </p>

    <p class='ocr_par' dir='ltr' id='par_1_13' title="bbox 176 2457 986 2622">
     <span class='ocr_line' id='line_1_25' title="bbox 176 2457 831 2537; baseline -0.006 -16"><span class='ocrx_word' id='word_1_133' title='bbox 176 2458 291 2521; x_wconf 81' lang='lat' dir='ltr'>Audiat</span> <span class='ocrx_word' id='word_1_134' title='bbox 304 2457 414 2519; x_wconf 78' lang='lat' dir='ltr'>aedilis</span> <span class='ocrx_word' id='word_1_135' title='bbox 428 2477 468 2518; x_wconf 86' lang='lat' dir='ltr'>ne</span> <span class='ocrx_word' id='word_1_136' title='bbox 483 2467 516 2519; x_wconf 91' lang='lat' dir='ltr'>te</span> <span class='ocrx_word' id='word_1_137' title='bbox 529 2457 693 2537; x_wconf 76' lang='lat' dir='ltr'>videatque</span> <span class='ocrx_word' id='word_1_138' title='bbox 709 2464 831 2518; x_wconf 75' lang='lat' dir='ltr'>caveto:</span> 
     </span>
     <span class='ocr_line' id='line_1_26' title="bbox 217 2538 986 2622; baseline 0 -18"><span class='ocrx_word' id='word_1_139' title='bbox 217 2544 400 2604; x_wconf 82' lang='lat' dir='ltr'>Portentum</span> <span class='ocrx_word' id='word_1_140' title='bbox 416 2548 481 2619; x_wconf 80' lang='lat' dir='ltr'>ert,</span> <span class='ocrx_word' id='word_1_141' title='bbox 503 2542 645 2619; x_wconf 71' lang='lat' dir='ltr'>quotient</span> <span class='ocrx_word' id='word_1_142' title='bbox 660 2542 786 2622; x_wconf 86' lang='lat' dir='ltr'>eoepit</span> <span class='ocrx_word' id='word_1_143' title='bbox 776 2561 874 2621; x_wconf 81' lang='lat' dir='ltr'>lmego</span> <span class='ocrx_word' id='word_1_144' title='bbox 888 2538 986 2620; x_wconf 88' lang='lat' dir='ltr'><strong>loqui.</strong></span> 
     </span>
    </p>
   </div>
   <div class='ocr_carea' id='block_1_10' title="bbox 577 2673 650 2734">
    <p class='ocr_par' dir='ltr' id='par_1_14' title="bbox 577 2673 650 2734">
     <span class='ocr_line' id='line_1_27' title="bbox 577 2673 650 2734; baseline -0.014 0"><span class='ocrx_word' id='word_1_145' title='bbox 577 2673 650 2734; x_wconf 76' lang='lat'><em>0111.</em></span> 
     </span>
    </p>
   </div>
   <div class='ocr_carea' id='block_1_11' title="bbox 181 2771 996 2938">
    <p class='ocr_par' dir='ltr' id='par_1_15' title="bbox 181 2771 996 2938">
     <span class='ocr_line' id='line_1_28' title="bbox 181 2771 996 2854; baseline 0 -23"><span class='ocrx_word' id='word_1_146' title='bbox 181 2772 282 2832; x_wconf 73' lang='lat' dir='ltr'>Tanto</span> <span class='ocrx_word' id='word_1_147' title='bbox 295 2774 353 2834; x_wconf 92' lang='lat' dir='ltr'>tibi</span> <span class='ocrx_word' id='word_1_148' title='bbox 370 2781 418 2835; x_wconf 78' lang='lat' dir='ltr'>ert</span> <span class='ocrx_word' id='word_1_149' title='bbox 433 2774 524 2834; x_wconf 80' lang='lat' dir='ltr'>enimi</span> <span class='ocrx_word' id='word_1_150' title='bbox 538 2774 676 2854; x_wconf 78' lang='lat' dir='ltr'>probiter</span> <span class='ocrx_word' id='word_1_151' title='bbox 692 2774 835 2852; x_wconf 83' lang='lat' dir='ltr'>orisque,</span> <span class='ocrx_word' id='word_1_152' title='bbox 856 2771 996 2850; x_wconf 72' lang='lat' dir='ltr'>Safroni,</span> 
     </span>
     <span class='ocr_line' id='line_1_29' title="bbox 220 2857 798 2938; baseline -0.002 -21"><span class='ocrx_word' id='word_1_153' title='bbox 220 2857 263 2917; x_wconf 91' lang='lat' dir='ltr'>Ut</span> <span class='ocrx_word' id='word_1_154' title='bbox 276 2858 372 2917; x_wconf 84' lang='lat' dir='ltr'>mirer</span> <span class='ocrx_word' id='word_1_155' title='bbox 385 2858 455 2918; x_wconf 85' lang='lat' dir='ltr'>fleri</span> <span class='ocrx_word' id='word_1_156' title='bbox 473 2865 504 2918; x_wconf 92' lang='lat' dir='ltr'>te</span> <span class='ocrx_word' id='word_1_157' title='bbox 519 2858 657 2938; x_wconf 81' lang='lat' dir='ltr'>potuirse</span> <span class='ocrx_word' id='word_1_158' title='bbox 670 2863 798 2937; x_wconf 81' lang='lat' dir='ltr'>petrem.</span> 
     </span>
    </p>
   </div>
   <div class='ocr_carea' id='block_1_12' title="bbox 576 2990 653 3053">
    <p class='ocr_par' dir='ltr' id='par_1_16' title="bbox 576 2990 653 3053">
     <span class='ocr_line' id='line_1_30' title="bbox 576 2990 653 3053; baseline 0 -1"><span class='ocrx_word' id='word_1_159' title='bbox 576 2990 653 3053; x_wconf 86' lang='lat' dir='ltr'>clv.</span> 
     </span>
    </p>
   </div>
   <div class='ocr_carea' id='block_1_13' title="bbox 155 3082 1086 3500">
    <p class='ocr_par' dir='ltr' id='par_1_17' title="bbox 176 3082 966 3164">
     <span class='ocr_line' id='line_1_31' title="bbox 176 3082 966 3164; baseline 0 -18"><span class='ocrx_word' id='word_1_160' title='bbox 176 3085 277 3162; x_wconf 83' lang='lat' dir='ltr'>Uxor,</span> <span class='ocrx_word' id='word_1_161' title='bbox 299 3082 376 3143; x_wconf 81' lang='lat' dir='ltr'>vade</span> <span class='ocrx_word' id='word_1_162' title='bbox 392 3086 493 3164; x_wconf 80' lang='lat' dir='ltr'>forro,</span> <span class='ocrx_word' id='word_1_163' title='bbox 515 3096 566 3148; x_wconf 81' lang='lat' dir='ltr'>aut</span> <span class='ocrx_word' id='word_1_164' title='bbox 581 3091 716 3151; x_wconf 80' lang='lat' dir='ltr'>moribus</span> <span class='ocrx_word' id='word_1_165' title='bbox 731 3096 821 3148; x_wconf 86' lang='lat' dir='ltr'>utere</span> <span class='ocrx_word' id='word_1_166' title='bbox 836 3086 966 3146; x_wconf 75' lang='lat' dir='ltr'>nostrin·</span> 
     </span>
    </p>

    <p class='ocr_par' dir='ltr' id='par_1_18' title="bbox 177 3167 1086 3335">
     <span class='ocr_line' id='line_1_32' title="bbox 222 3167 1086 3249; baseline 0.002 -21"><span class='ocrx_word' id='word_1_167' title='bbox 222 3169 290 3228; x_wconf 90' lang='lat' dir='ltr'>Non</span> <span class='ocrx_word' id='word_1_168' title='bbox 306 3187 371 3227; x_wconf 80' lang='lat' dir='ltr'>rum</span> <span class='ocrx_word' id='word_1_169' title='bbox 387 3185 443 3245; x_wconf 81' lang='lat' dir='ltr'>ego</span> <span class='ocrx_word' id='word_1_170' title='bbox 458 3189 517 3230; x_wconf 87' lang='lat' dir='ltr'>neo</span> <span class='ocrx_word' id='word_1_171' title='bbox 532 3173 660 3249; x_wconf 82' lang='lat' dir='ltr'>Curius,</span> <span class='ocrx_word' id='word_1_172' title='bbox 681 3190 739 3231; x_wconf 86' lang='lat' dir='ltr'>nec</span> <span class='ocrx_word' id='word_1_173' title='bbox 754 3173 865 3246; x_wconf 84' lang='lat' dir='ltr'>Numa,</span> <span class='ocrx_word' id='word_1_174' title='bbox 887 3188 946 3229; x_wconf 85' lang='lat' dir='ltr'>nee</span> <span class='ocrx_word' id='word_1_175' title='bbox 961 3167 1086 3232; x_wconf 77' lang='lat' dir='ltr'><strong>Tatius</strong></span> 
     </span>
     <span class='ocr_line' id='line_1_33' title="bbox 177 3251 963 3335; baseline -0.001 -23"><span class='ocrx_word' id='word_1_176' title='bbox 177 3253 232 3312; x_wconf 90' lang='lat' dir='ltr'>Me</span> <span class='ocrx_word' id='word_1_177' title='bbox 246 3251 378 3312; x_wconf 85' lang='lat' dir='ltr'>iucunde</span> <span class='ocrx_word' id='word_1_178' title='bbox 390 3253 495 3312; x_wconf 84' lang='lat' dir='ltr'><strong>iuvant</strong></span> <span class='ocrx_word' id='word_1_179' title='bbox 510 3259 626 3314; x_wconf 81' lang='lat' dir='ltr'>tractae</span> <span class='ocrx_word' id='word_1_180' title='bbox 643 3274 701 3335; x_wconf 83' lang='lat' dir='ltr'>per</span> <span class='ocrx_word' id='word_1_181' title='bbox 716 3253 827 3335; x_wconf 83' lang='lat' dir='ltr'>poeula</span> <span class='ocrx_word' id='word_1_182' title='bbox 840 3260 963 3312; x_wconf 79' lang='lat' dir='ltr'>noctes:</span> 
     </span>
    </p>

    <p class='ocr_par' dir='ltr' id='par_1_19' title="bbox 155 3333 962 3500">
     <span class='ocr_line' id='line_1_34' title="bbox 220 3333 878 3418; baseline 0.002 -23"><span class='ocrx_word' id='word_1_183' title='bbox 220 3337 267 3396; x_wconf 83' lang='lat' dir='ltr'>To</span> <span class='ocrx_word' id='word_1_184' title='bbox 283 3333 432 3418; x_wconf 72' lang='lat' dir='ltr'>properae</span> <span class='ocrx_word' id='word_1_185' title='bbox 446 3341 519 3414; x_wconf 82' lang='lat' dir='ltr'>poto</span> <span class='ocrx_word' id='word_1_186' title='bbox 533 3355 660 3414; x_wconf 82' lang='lat' dir='ltr'>surgere</span> <span class='ocrx_word' id='word_1_187' title='bbox 678 3339 776 3400; x_wconf 74' lang='lat' dir='ltr'>tristis</span> <span class='ocrx_word' id='word_1_188' title='bbox 792 3357 878 3416; x_wconf 77' lang='lat' dir='ltr'>oque</span> 
     </span>
     <span class='ocr_line' id='line_1_35' title="bbox 155 3418 962 3500; baseline -0.002 -20"><span class='ocrx_word' id='word_1_189' title='bbox 155 3418 228 3480; x_wconf 85' lang='lat' dir='ltr'>5To</span> <span class='ocrx_word' id='word_1_190' title='bbox 246 3421 384 3481; x_wconf 84' lang='lat' dir='ltr'>tenebrir</span> <span class='ocrx_word' id='word_1_191' title='bbox 399 3419 529 3500; x_wconf 77' lang='lat' dir='ltr'>gaudeo.</span> <span class='ocrx_word' id='word_1_192' title='bbox 550 3439 599 3480; x_wconf 86' lang='lat' dir='ltr'>me</span> <span class='ocrx_word' id='word_1_193' title='bbox 613 3420 724 3482; x_wconf 87' lang='lat' dir='ltr'>ludere</span> <span class='ocrx_word' id='word_1_194' title='bbox 738 3426 820 3482; x_wconf 84' lang='lat' dir='ltr'>teste</span> <span class='ocrx_word' id='word_1_195' title='bbox 835 3421 962 3481; x_wconf 82' lang='lat' dir='ltr'>lucerne</span> 
     </span>
    </p>
   </div>
   <div class='ocr_carea' id='block_1_14' title="bbox 0 0 1217 3840">
    <p class='ocr_par' dir='ltr' id='par_1_20' title="bbox 0 0 1217 3840">
     <span class='ocr_line' id='line_1_36' title="bbox 0 0 1217 3840; baseline 0 0"><span class='ocrx_word' id='word_1_196' title='bbox 0 0 1217 3840; x_wconf 95' lang='lat' dir='ltr'> </span> 
     </span>
    </p>
   </div>
  </div>
 </body>
</html>
