2370 3840
266 217 603 280 EPIGRAMMATON
618 220 692 282 LIB.
711 221 787 284 Xlll.
985 221 1049 287 ³15

347 417 452 477 LXXI·
474 410 717 501 Phoenicopteri·

95 534 152 591 Dat
168 526 242 590 mihi
255 534 350 612 pinna
364 533 478 591 rubens
493 552 621 611 nomen,
645 533 700 594 red
714 533 818 612 lingna
832 535 947 613 gulosis

134 616 248 676 Nostra
262 616 351 696 sapit.
382 614 463 690 Quid
478 617 504 675 si
520 615 644 694 garrula
657 615 763 695 liugos
776 617 883 678 foret‘l

366 740 503 821 LXXII.
526 742 680 805 Pisoniani,

93 831 196 917 Arg'oa
209 840 340 918 primum
356 858 423 897 snm
438 846 647 919 transportata
661 843 779 902 carius:

134 924 216 983 Ante
233 924 307 981 mihi
322 928 428 981 notum
443 920 488 981 nil
502 925 562 983 nisi
577 923 685 985 Phasis
700 932 776 986 erat.

353 1031 485 1111 nxxm.
509 1046 701 1114 Numerone.

94 1148 215 1208 Ansere
229 1146 365 1206 Romano
383 1149 518 1225 quamvis
534 1155 619 1208 satur
633 1147 788 1209 Hannibal
802 1154 904 1228 esset,

134 1232 203 1311 lpse
219 1249 287 1291 snas
302 1250 457 1309 nunquam
473 1233 621 1291 barbarus
637 1233 703 1292 edit
716 1252 796 1295 aver.

372 1357 508 1419 LXXIV.
535 1360 680 1420 Anseres.

92 1452 178 1512 Haec
193 1454 325 1512 servavit
338 1453 400 1510 avis
416 1452 550 1533 Tarpeia
564 1454 679 1534 templa
694 1456 854 1521 Tonantis.

134 1535 284 1596 Miraris‘i
312 1534 454 1596 Nondum
468 1537 587 1597 fecerat
601 1537 656 1598 illa
670 1538 754 1599 dens.
847 1593 848 1597 ,

400 1660 522 1724 LXXV.
547 1663 656 1726 Grues.

94 1758 246 1821 Turbabit
259 1777 366 1820 versus
381 1777 439 1818 nee
454 1758 560 1819 littera
576 1765 642 1822 tota
655 1760 787 1842 volabit,

134 1844 232 1906 Unam
246 1842 424 1925 perdideris
440 1843 466 1903 si
480 1841 653 1906 Palamedis
673 1867 766 1909 avem.

362 1971 498 2031 LXXVI.
522 1971 714 2034 Rusticulae.

93 2067 252 2128 Rusticula
266 2088 304 2127 an
319 2067 446 2148 perdix,
471 2068 544 2145 qnid
557 2069 676 2145 refert,
699 2071 726 2129 si
742 2090 833 2150 sapor
846 2070 929 2130 idem
943 2069 1013 2129 est‘l

136 2153 246 2211 Carior
263 2157 311 2210 est
324 2149 443 2232 perdix.
475 2150 526 2211 Sic
541 2153 622 2231 sapit
635 2150 691 2212 Illa
705 2155 809 2232 magis.

383 2275 533 2339 LXXVII.
560 2277 669 2359 Opgm'.

93 2370 204 2432 Dulcia
220 2369 343 2433 defecta
358 2373 533 2435 modulatur
547 2379 681 2436 carmina
695 2376 800 2456 lingna

138 2458 286 2517 Cantator
301 2477 415 2538 cygnus
429 2459 548 2519 funeris
563 2462 630 2540 ipse
646 2461 701 2523 sui.

321 2592 482 2655 LXXVIII.
504 2593 736 2674 Porphyriones.

93 2690 212 2751 Nomen
227 2692 322 2752 habet
338 2695 439 2771 magni
452 2691 587 2754 volucris
601 2701 663 2753 tam
677 2712 770 2772 parva
785 2688 937 2768 gigantis?

135 2775 177 2834 Et
193 2792 306 2834 nomen
320 2778 438 2855 prasini
450 2777 673 2855 Porphyrionis
687 2778 789 2835 habet.

364 2909 499 2972 LXXIX.
525 2906 695 2970 Mnlls’vioi.

94 3020 199 3101 SpIrat
213 3021 245 3080 ln
261 3020 405 3097 advecto,
428 3020 484 3081 sed
498 3023 557 3082 iam
573 3023 680 3101 piger,
703 3037 837 3099 aequore
851 3014 971 3077 mullus.

134 3105 342 3185 Langnescit‘t
370 3105 479 3167 Vivum
495 3104 533 3165 da
548 3123 647 3165 mare:
671 3105 762 3165 fortis
775 3105 845 3164 erit.

363 3236 485 3302 LXXX.
509 3235 691 3301 Muraenae.

96 3349 180 3423 Quae
194 3356 280 3410 natat
293 3351 325 3410 in
342 3348 447 3410 Siculo
464 3350 588 3429 grandis
602 3369 747 3410 muraena
760 3346 934 3428 profundo,

136 3431 205 3492 Non
219 3432 303 3494 valet
316 3442 453 3496 exustam
467 3453 609 3514 mergere
624 3432 690 3494 sole
706 3438 818 3495 cutem.
837 3457 842 3466 ·
