2370 3840
99 173 140 242 58
421 173 466 234 M.
482 173 574 235 VAL.
591 170 819 234 MARTIALIS

180 316 300 390 Trunci
312 326 439 387 naribus
455 293 640 404 auribusque
654 324 764 387 voltur.

181 412 294 474 Gredia
307 418 341 472 te
356 412 431 471 satia
446 428 515 470 enac
532 409 743 472 vindicatum?
841 451 843 456 ι

157 497 289 560 5Εηαιε
310 497 371 556 iate
385 500 491 577 potent
505 501 538 556 et
552 497 714 559 irrumare.

532 643 700 708 LXXXIV.

179 762 287 826 Mollia
301 770 369 824 erat
384 762 549 843 faciliaque
564 763 639 822 viris
653 762 822 824 Poeantius
836 764 948 826 herona
966 837 968 842 Ι

222 847 363 910 Volnera
377 850 422 908 aio
435 846 558 908 Paridi·
575 846 689 907 dicitur
705 847 770 909 ulta
784 850 900 912 Venua.

181 934 244 994 Gur
257 931 357 1011 liugat
371 952 504 992 cunnum
518 929 642 992 Siculus
657 931 832 1012 Sertorius,
854 935 915 994 hoc
929 940 995 997 eut:

221 1020 287 1079 Aba
299 1019 359 1078 hoc
375 1019 511 1096 occtsua,
533 1017 632 1095 Rufe,
653 1015 778 1078 videtur
792 1019 886 1098 Eryx.

544 1163 695 1227 LXXXV.

179 1286 302 1350 Vimine
318 1285 402 1347 clusa
415 1287 477 1348 levi
492 1287 601 1346 niveae
616 1283 757 1346 custodia
771 1291 895 1365 coctae,

221 1371 290 1432 IIoc
304 1373 364 1432 tibi
380 1371 506 1432 Saturni
519 1377 663 1452 tempore
682 1390 791 1432 munus
808 1373 879 1432 erit.
929 1368 931 1373 ’

177 1457 265 1517 Dona
280 1455 363 1535 quod
378 1457 504 1517 aestatis
518 1456 588 1515 misi
598 1456 659 1516 tibi
674 1474 781 1516 menae
795 1455 978 1533 decembri,

224 1539 258 1600 Si
273 1542 431 1619 quereris,
452 1559 553 1600 rasam
567 1545 602 1599 tu
616 1541 692 1599 mihi
707 1541 796 1602 mitte
811 1547 922 1619 togam.

533 1688 699 1752 LXXXVI.

180 1804 271 1883 Quod
284 1824 343 1865 nec
360 1806 495 1866 carmine
509 1804 627 1884 glorior
645 1807 754 1886 aupIno

179 1891 245 1950 Nec
259 1896 346 1951 retro
359 1887 432 1969 lego
448 1889 586 1950 Sotaden
600 1888 778 1968 cinaedum,

179 1975 335 2053 Nusquam
350 1974 502 2036 Graecula
519 1974 602 2055 quod
615 1979 758 2035 recantat
770 1976 847 2036 echo

179 2060 246 2120 Nec
261 2058 358 2120 dictat
372 2061 447 2120 milri
461 2057 637 2121 luculentus
651 2061 735 2121 Attia
950 2056 955 2064 ’

146 2142 315 2207 ⁸5'Mollem
331 2144 494 2206 debilitate
509 2143 712 2224 galliambon:

180 2229 250 2290 Non
265 2249 347 2309 aum,
371 2228 527 2309 maurice,
547 2237 610 2291 tam
625 2228 724 2290 malua
737 2233 842 2308 poeta.

182 2313 280 2391 Quid,
302 2316 327 2374 ai
346 2333 405 2393 per
419 2312 551 2393 graciles
566 2315 629 2375 rias
643 2313 767 2393 petauri

180 2397 312 2457 invitum
325 2399 432 2458 iubeas
450 2399 555 2457 subire
568 2395 697 2456 Ladan?

181 2480 289 2560 Turpe
305 2486 353 2540 eat
369 2479 514 2542 difficiles
530 2482 648 2542 habere
660 2499 755 2558 nugas

140 2564 220 2626 lolia
235 2563 348 2625 atultua
359 2563 448 2625 labor
463 2569 512 2625 est
525 2566 721 2646 ineptiarum.

181 2648 305 2709 Scribat
319 2650 453 2710 carmina
468 2649 592 2710 circulis
606 2648 788 2728 Palaemon,

179 2732 235 2793 Me
250 2734 330 2793 raria
342 2735 426 2795 iuvat
439 2735 564 2795 auribus
577 2733 715 2817 placere.

525 2884 703 2946 LXXXVII.

179 2994 265 3056 Diels
280 3014 385 3055 amore
399 2969 445 3056 tui
459 2996 559 3057 bellas
574 2997 687 3059 ardere
701 2995 838 3078 puellas,

222 3079 407 3158 Quit'aciem
423 3082 479 3141 aub
494 3101 587 3161 aqua,
609 3081 721 3161 Sexte,
742 3080 877 3142 natantIa
889 3079 995 3142 haten.

516 3229 708 3295 LXXXVIII.

177 3341 231 3405 Nil
245 3344 359 3405 recitas
375 3348 407 3403 et
419 3344 482 3423 via,
503 3344 678 3423 Mamerco,
699 3351 794 3426 poeta
807 3343 917 3407 viderI.

222 3426 381 3509 Quidquid
396 3429 441 3489 via
456 3435 541 3508 eato,
565 3427 728 3490 dummodo
744 3426 790 3490 nil
803 3430 928 3492 recitet.
