2370 3840
338 164 679 229 EPIGRAMMATON
691 164 767 229 LIB.
782 165 805 226 l.
964 220 967 225 .
1049 164 1093 226 33

115 317 204 385 estad
218 321 245 380 si
258 336 318 379 nec
329 319 418 378 Iocus
433 323 483 377 est
496 336 554 377 nec
567 315 642 376 nudi
657 315 774 397 sponda
788 317 908 394 grabati

175 404 241 464 Neo
257 406 363 463 curtus
377 402 514 463 Chiones
528 401 718 481 Antiopesve
733 398 829 481 calix,

134 489 236 550 Cerea
253 488 280 546 si
292 485 410 567 pendet
425 484 538 546 lumbis
554 492 587 544 et
601 485 717 564 scripta
730 483 858 545 lacerna

175 570 387 650 Dimidiasque
403 575 492 630 nates
508 567 628 630 Gallica
641 570 734 629 braca
747 571 844 648 tegit,

132 656 277 719 Pasceris
292 661 325 715 et
339 657 446 732 nigrae
463 650 530 713 aolo
546 651 657 712 nidore
673 653 793 714 culinae

93 754 128 806 10
175 743 218 803 nt
232 741 312 800 bibis
328 736 514 798 immundam
530 757 598 797 cum
613 755 689 796 cane
706 757 822 818 pronus
839 758 963 817 aquam:
1037 783 1043 797 .

131 827 201 886 Non
216 823 334 898 culum,
354 842 458 901 neque
473 823 555 882 enim
569 829 618 881 eat
633 820 736 900 culus,
765 822 816 901 qui
830 842 893 882 non
907 833 993 884 cacat
1007 822 1091 902 olim‚

177 907 240 970 Sed
256 906 371 968 fodiam
388 905 485 985 digito
502 906 554 984 qui
568 914 712 985 superest
727 904 858 968 oculum.
983 960 986 965 ,

133 993 200 1055 Nec
213 1010 264 1053 me
279 988 457 1071 zelotypum
469 1009 527 1050 nec
543 989 658 1050 dixeris
673 1009 743 1051 esse
757 989 939 1071 malignum:

175 1078 318 1156 Denique
332 1073 478 1156 paedico,
498 1075 706 1148 Mamuriane,
730 1082 823 1154 satur.

520 1209 625 1270 XCIII.

133 1325 277 1387 Fabricio
291 1325 413 1384 iunctus
427 1322 490 1384 iido
504 1324 674 1403 reanescit
687 1324 844 1403 Aquinus,

60 1405 67 1418 ’
176 1409 237 1486 Qui
250 1409 338 1490 prior
351 1407 474 1487 Elysias
490 1409 603 1486 gaudet
618 1407 719 1467 adisse
734 1406 849 1468 domos.

135 1495 198 1554 Ara
213 1492 327 1573 duplex
339 1493 432 1574 primi
447 1498 580 1552 testatur
594 1511 722 1551 munera
735 1491 807 1572 pilia

176 1576 251 1638 I’Ius
265 1583 370 1637 tumen
383 1583 448 1655 est,
469 1575 560 1637 titnIo
577 1575 659 1655 quod
676 1577 820 1636 breviore
832 1574 929 1652 Iegis:

114 1662 268 1724 sinuetur
282 1670 414 1741 uterque
429 1679 518 1722 sacro
534 1661 686 1722 laudatae
698 1661 825 1734 foedere
839 1662 939 1734 vitae,

177 1745 343 1825 Famaque
360 1745 446 1825 quod
460 1765 533 1805 raro
549 1747 650 1823 norit,
674 1747 793 1806 amicus
808 1753 889 1805 erat.

516 1879 622 1940 xciv.

134 1990 272 2051 Cantasti
287 1987 384 2068 male,
406 1988 478 2050 dum
491 1992 592 2051 fututa
607 2010 657 2070 es,
675 1988 785 2070 Aegle.

134 2073 196 2134 Iam
212 2082 318 2134 cantas
332 2075 430 2149 bene3
452 2075 598 2136 basianda
612 2095 675 2134 non
690 2093 732 2135 es.

527 2223 622 2285 XCV.

138 2334 228 2412 Quod
243 2331 354 2395 clamas
368 2354 510 2414 semper,
533 2334 615 2414 quod
630 2336 790 2413 agentibus
805 2333 976 2416 obstrepis,
991 2332 1074 2414 Aeli,

177 2419 247 2479 Non
261 2419 338 2478 facis
352 2421 412 2479 Isoc
426 2420 538 2497 gratis:
559 2420 687 2500 accipis,
705 2426 741 2479 ut
754 2425 867 2480 taceas.

518 2552 627 2615 xcvi.

136 2665 171 2724 si
184 2684 247 2724 non
261 2663 424 2725 molestum
439 2673 488 2727 est
501 2673 597 2746 teque
611 2686 674 2725 non
688 2667 792 2744 pIget‚
815 2686 942 2745 scazon,

135 2747 250 2808 Nostro
265 2768 408 2829 rogamus
423 2771 519 2830 pauca
532 2753 628 2811 rerba
641 2750 787 2810 Materno

136 2831 229 2893 Dicas
243 2835 277 2892 iu
292 2853 397 2895 aurem
411 2835 456 2894 sic
469 2841 505 2895 ut
518 2833 622 2894 audiat
640 2832 734 2894 solus.

135 2916 264 2977 Amator
279 2917 337 2978 iIIe
351 2920 486 2978 tristium
499 2917 694 2978 lacernarum

114 3001 180 3062 ant
194 3003 367 3062 baeticatus
381 3009 473 3080 atque
486 3001 742 3082 leucophaeatus,

138 3087 199 3162 Qui
214 3087 388 3146 coccinatos
402 3104 465 3145 non
478 3093 567 3164 putat
579 3087 662 3145 viros
678 3103 748 3146 esse

136 3170 433 3249 Amethystinasque
447 3168 612 3228 mulierum
626 3178 714 3228 vocat
726 3175 846 3247 vestes,

135 3253 245 3313 Nativa
255 3252 381 3332 laudet,
401 3253 515 3312 babeat
529 3260 562 3311 et
574 3253 653 3313 ltcet
666 3272 790 3332 semper

135 3337 255 3397 Fuscos
273 3334 413 3414 colores,
436 3335 575 3415 galbinos
589 3337 684 3398 habet
697 3356 809 3398 mores.

95 3420 285 3501 loIIogabit,
306 3422 389 3482 unde
408 3422 547 3501 suspicer
560 3422 657 3480 virum
672 3418 808 3480 mollem.

137 3504 245 3566 Mara.
879 3500 909 3563 b
