2370 3840
332 173 762 238 urrannnnnnonnm.
777 175 815 238 ιι.
912 157 916 165 ’
1034 174 1096 238 no

514 327 633 390 xnvn.

134 429 293 508 Nunquam
309 446 342 488 se
359 446 485 488 cenasse
502 426 584 486 domi
598 425 689 486 Philo
705 427 801 504 iurat,
826 432 858 485 et
872 428 931 487 hoc
944 433 1008 489 est:

175 513 244 574 Non
261 518 368 592 cenat,
391 513 534 591 quotiens
549 529 639 570 nemo
654 511 772 570 vocavit
787 529 865 571 eum.

508 635 641 708 xnvrn.

134 762 216 839 Quid
229 781 291 822 non
307 761 390 838 cogit
404 761 510 820 amor?
532 760 632 820 secuit
647 758 775 819 nolente
791 758 919 840 capillos

174 846 330 926 Encolpus
345 845 485 920 domino,
507 864 568 904 non
584 844 773 924 prohibente
788 850 898 906 tamen.

133 931 281 993 Permisit
294 930 442 1008 flevitque
458 928 598 989 Pudens:
622 931 667 987 sic
682 929 776 988 cessit
792 929 920 989 habenis

178 1015 296 1076 Audaci
314 1019 441 1093 questus
458 1013 496 1073 de
512 1012 709 1074 Phaethonte
724 1018 828 1092 pater:
892 1083 897 1091 ,

109 1096 224 1163 §Talis
241 1105 346 1180 raptus
362 1097 475 1178 Hylas,
498 1095 569 1157 talis
585 1096 757 1176 deprensus
772 1096 914 1158 Achilles
942 1095 944 1098 ’

174 1184 329 1264 Deposuit,
340 1182 493 1262 gaudens,
516 1187 615 1242 matre
632 1180 776 1260 dolente,
800 1201 911 1245 comos.

133 1268 197 1329 Sed
211 1274 246 1328 tu
260 1287 299 1328 ue
315 1286 465 1348 propera,
487 1267 632 1327 brevibus
648 1284 706 1326 neo
722 1264 816 1326 crede
832 1264 970 1346 capillis,

175 1351 340 1430 Tardaque
355 1372 412 1432 pro
429 1358 514 1412 tanto
530 1369 675 1429 munere,
696 1351 807 1426 barba,
829 1351 908 1411 veni.

520 1485 625 1546 XLlX.

133 1586 288 1649 Vidissem
304 1585 395 1645 modo
411 1586 495 1644 forte
511 1606 579 1645 cnm
594 1584 755 1646 sedentem

134 1671 239 1732 Solum
256 1678 304 1748 te,
326 1669 482 1747 Labiene,
504 1677 569 1731 tres
584 1671 696 1750 putavi.

135 1755 248 1817 Calvae
262 1773 312 1815 me
326 1773 473 1814 numerus
488 1760 558 1814 tuae
574 1753 705 1814 fefellit:

133 1841 212 1900 Sunt
226 1838 315 1900 illino
332 1840 407 1916 tibi,
429 1844 500 1898 sunt
515 1845 547 1899 et
560 1839 633 1898 hine
649 1837 767 1918 capilli,
794 1876 796 1880 .

111 1923 250 2001 5Quales
263 1922 314 1984 vel
327 1942 456 2004 puerum
473 1920 587 1982 decere
602 1924 730 2003 possint.

133 2008 253 2069 Nudum
270 2013 318 2068 est
332 2008 364 2066 in
380 2005 482 2067 medio
498 2014 605 2087 caput,
627 2026 684 2066 nec
699 2005 780 2066 ullus

133 2093 168 2152 ln
182 2092 274 2172 longa
289 2091 371 2172 pilus
387 2110 459 2151 area
474 2098 607 2151 notatur.

133 2178 194 2237 Hic
209 2194 299 2236 error
317 2177 374 2236 tibi
389 2175 508 2256 profuit
522 2175 704 2252 Decembri,

134 2261 230 2338 Tum,
253 2280 321 2320 cum
336 2259 465 2340 prandia
481 2260 563 2319 misit
577 2259 763 2338 Imperator:

90 2346 206 2407 100um
222 2344 390 2426 panariolis
407 2345 505 2404 tribus
520 2343 639 2403 redisti.

134 2428 244 2489 Talem
260 2430 437 2509 Geryonem
451 2429 546 2488 fuisse
563 2426 668 2486 credo.

132 2513 238 2592 Vites,
262 2533 391 2591 censeo,
413 2513 566 2594 porticum
580 2509 733 2590 Philippi:

134 2598 215 2658 Sita
230 2597 345 2658 viderit
359 2596 529 2675 Herculea,
549 2595 671 2677 peristi.

551 2732 586 2793 L.

136 2845 221 2906 Ceno
237 2846 320 2906 domi
333 2847 494 2925 quotiens,
516 2847 577 2906 nisi
592 2852 640 2923 te,
663 2847 854 2925 Charopine‚
876 2845 997 2925 vocavi,

147 2947 149 2950 ·
175 2930 321 2990 Protinus
336 2930 479 3009 ingentes
494 2936 565 2991 sunt
579 2930 775 3009 inimicitiae,

133 3013 249 3094 Meque
266 3010 345 3074 velis
360 3016 468 3075 stricto
485 3015 618 3074 medinm
635 3015 818 3093 transfigere
833 3013 935 3094 ferro,

176 3099 210 3159 Si
224 3105 361 3158 nostrum
378 3109 444 3159 stne
461 3105 491 3159 te
507 3102 567 3160 seis
582 3098 711 3160 caluisse
726 3099 837 3160 focum.

109 3182 201 3246 5Neo
216 3182 314 3243 semel
330 3202 405 3262 ergo
420 3183 496 3242 mihi
509 3185 624 3243 furtum
640 3183 754 3244 iecisse
769 3182 898 3243 licebitl

176 3268 347 3347 improbius
361 3264 442 3327 nihil
455 3273 504 3327 est
518 3269 591 3347 hac,
614 3268 806 3347 Charopine,
828 3264 906 3345 gula.

134 3350 250 3411 Desine
265 3353 324 3411 iam
341 3357 494 3430 nostram,
515 3371 644 3433 precor,
667 3353 832 3411 observare
848 3348 994 3427 culinam,
1113 3367 1120 3394 s

178 3436 281 3514 Atque
298 3434 462 3515 aliquando
479 3455 564 3496 meus
580 3435 634 3495 det
647 3437 705 3496 tibi
718 3436 812 3496 uerba
828 3435 927 3496 iocus.
937 3439 951 3463 ¹
