2370 3840
117 174 179 244 172
440 174 484 236 Μ,
499 172 591 237 VAL.
607 171 832 235 MAB'l'lALlS

603 374 669 438 XC.

199 490 297 550 lactat
311 488 505 567 inaequalem
520 488 629 550 Matho
642 505 692 547 me
707 486 822 546 fecisse
835 483 991 546 libellum:

244 573 278 633 Si
293 590 398 632 verum
413 579 477 651 est,
498 571 606 633 laudat
625 571 760 630 carmina
774 575 882 629 nostra
896 569 1016 636 Matho.

201 655 357 737 Aequales
371 658 481 717 scribit
492 657 590 717 libros
606 652 774 716 Cluuienus
790 659 822 713 et
835 653 961 714 Umber.

242 739 389 820 Aequalis
401 741 483 803 liber
498 746 562 818 est,
585 740 728 816 Baetice,
752 738 804 816 qui
818 734 915 796 malus
930 743 987 798 est.

600 876 678 938 llcl.

200 951 247 1057 na
261 992 368 1047 nostro
382 986 515 1048 facunde
531 989 606 1068 tibi,
620 987 788 1067 luvenalis,
803 984 904 1066 agello

243 1069 461 1131 Saturnalicias
475 1073 640 1151 mittimus,
663 1090 754 1150 ecce,
775 1090 880 1133 nucea.

201 1155 316 1215 Cetera
327 1152 451 1215 lascivis
467 1155 591 1216 donavit
604 1176 695 1236 poma
708 1152 825 1235 puellis

241 1237 384 1300 Mentula
397 1239 534 1300 custodis
547 1237 705 1300 luxuriosa
721 1239 781 1300 dei.

591 1375 683 1436 xcss.
796 1417 799 1422 -
1011 1320 1054 1408 *s

201 1480 258 1560 „Si
272 1482 347 1560 quid
361 1503 438 1564 opus
452 1484 565 1562 fuerit,
587 1487 648 1546 scis
663 1504 712 1545 me
726 1503 788 1546 non
803 1502 872 1544 esse
886 1478 1077 1562 rogandum“

243 1564 313 1625 Uno
328 1567 376 1626 bis
389 1566 485 1643 (licis,
506 1568 658 1648 Baccara,
678 1575 792 1647 terque
807 1565 867 1629 (lie.

203 1648 351 1728 Appellat
364 1648 465 1729 algida
480 1653 580 1712 tristis
594 1670 644 1712 me
658 1671 734 1712 voce
749 1650 924 1712 Secundus:

243 1731 358 1810 Audis,
381 1738 415 1792 et
426 1736 545 1813 nescia,
559 1735 719 1812 Baccara,
740 1735 812 1813 quid
827 1737 868 1795 sit
881 1752 968 1814 opus.

155 1822 168 1843 ·
180 1815 317 1876 tl’ensio
332 1821 365 1876 te
381 1837 484 1877 coram
497 1819 617 1898 petitur
633 1817 778 1899 clareque
792 1819 970 1899 palamque:

243 1899 358 1979 Audis,
379 1906 412 1961 et
425 1902 543 1980 nescis,
562 1903 712 1981 Baccara,
736 1902 811 1982 quid
825 1903 867 1963 sit
880 1919 966 1982 opus.

200 1983 279 2045 Esse
295 2003 410 2064 queror
424 1983 603 2066 gelidasque
617 1989 693 2048 mihi
708 1988 860 2064 tritasque
874 1985 1032 2046 lacernas:
1069 2064 1071 2068 ,

244 2068 359 2148 Audis,
381 2076 414 2129 et
427 2073 547 2150 nescis,
568 2071 718 2150 Baccara,
742 2071 817 2150 quid
830 2070 872 2130 sit
887 2088 972 2149 opus.

202 2151 271 2213 Hoc
286 2171 362 2232 opus
378 2160 443 2233 est,
465 2157 566 2216 subito
580 2157 636 2216 iias
649 2162 684 2216 ut
700 2155 805 2215 sidere
820 2159 939 2230 mutus,

133 2293 139 2300 .
160 2244 195 2298 10
241 2237 355 2299 Dicere
372 2257 412 2298 ne
429 2241 546 2319 possis,
568 2240 719 2318 Baccara,
742 2237 816 2319 quid
833 2239 874 2298 sit
888 2255 974 2317 opus.

584 2387 690 2448 XCIII.

202 2496 333 2575 Narnia,
356 2495 525 2577 sulphureo
542 2516 631 2576 quam
648 2501 769 2577 gurgite
786 2495 933 2557 candidus
948 2495 1044 2556 amnis

246 2580 383 2657 Circuit,
406 2581 533 2661 ancipiti
547 2582 597 2642 vix
612 2580 752 2641 adeunda
766 2583 871 2660 iugo„

203 2662 285 2740 Quid
301 2669 363 2723 tam
375 2682 467 2743 saepe
483 2684 584 2724 meum
598 2666 688 2725 nobis
703 2664 858 2725 abducere
873 2664 1019 2741 Quintum

246 2746 295 2806 Te
308 2747 392 2806 iuvat
405 2752 439 2807 et
451 2745 539 2808 lenta
554 2747 724 2809 detinuisse
738 2749 847 2808 mora?

181 2828 288 2908 aqud
300 2829 485 2891 Nomentani
501 2853 620 2893 causam
634 2834 711 2893 mihi
724 2831 832 2912 perdis
847 2828 957 2910 agelli,
981 2835 983 2839 ’

244 2914 381 2993 Propter
394 2915 527 2976 vicinum
542 2919 594 2996 qui
608 2919 765 2997 pretiosus
780 2916 871 2977 erati

204 2996 269 3057 Sed
279 2998 340 3056 iam
354 3015 447 3075 parce
461 3001 553 3078 mihi,
575 3021 634 3062 nec
647 3004 791 3080 abutere,
812 2999 943 3077 Narnia,
966 2997 1097 3074 Quinto:

227 3092 230 3096 '
245 3082 403 3161 Perpetuo
418 3077 513 3142 liceat
528 3085 572 3144 sic
584 3086 643 3146 tihi
657 3092 753 3167 ponte
771 3085 843 3147 frui.

608 3218 716 3281 xciv.

203 3326 402 3405 Unguentum
415 3326 534 3405 fuerat,
557 3327 639 3406 quod
654 3348 734 3408 onyx
747 3328 837 3390 modo
852 3347 946 3408 parva
961 3326 1105 3405 gerebatz

247 3411 364 3472 Olfecit
375 3417 538 3491 postquam
552 3411 694 3492 l’apilus,
711 3431 801 3493 ecce,
821 3431 926 3492 garum
944 3416 1001 3472 est.

102 3536 160 3620 ι
205 3657 211 3667 .
