2370 3840
114 169 178 234 aro
439 116 837 231 usvannxn'uxns

590 367 683 431 LXV.

202 480 331 559 Alcide,
352 480 440 541 Latio
455 501 536 542 nunc
553 480 747 560 agnoscende
762 482 917 563 Tonanti,

244 567 410 644 Postquam
423 564 553 644 pulchra
567 565 619 625 dei
635 566 776 626 Caesaris
792 587 845 627 ora
865 567 966 646 geris,

205 652 238 712 Si
249 650 306 711 tibi
322 655 395 709 tnnc
408 649 461 709 isti
477 648 578 709 voltus
592 649 777 730 habitusque
793 652 945 730 fuissent9

245 735 415 795 Cesserunt
429 733 568 792 manibus
584 752 652 792 cum
664 734 733 793 fera
746 741 883 795 monstra
898 735 977 796 tuiss

182 818 351 897 oArgolico
365 815 511 877 famulum
524 836 586 875 non
601 822 634 876 te
648 819 767 879 servire
781 826 912 898 tyranno

245 901 407 965 Vidissent
420 905 530 978 gentes
545 919 695 979 saevaque
709 920 805 981 regna
818 905 899 982 pati,

206 985 269 1048 Sed
283 991 318 1044 tu
331 985 474 1045 iussisses
488 985 679 1063 Eurysthea,
699 1003 759 1045 nec
774 988 833 1046 tibi
847 985 940 1046 fallax

246 1071 407 1130 Portasset
419 1067 510 1128 Nessi
524 1065 645 1147 perfida
660 1068 739 1129 dona
753 1070 874 1133 Lichas.

205 1154 316 1216 Oetaei
331 1154 398 1213 sinc
412 1150 485 1230 lege
501 1153 569 1230 rogi
584 1170 710 1212 securus
725 1152 843 1214 adisses

163 1251 198 1303 10
245 1239 338 1298 Astra
352 1238 450 1317 patris
464 1237 588 1314 summi,
611 1255 689 1315 quac
703 1238 761 1297 tibi
774 1257 875 1318 poena
892 1236 998 1314 dedit;

205 1323 303 1402 Lydia
316 1341 375 1382 nec
393 1320 534 1380 dominae
548 1323 695 1382 traxisses
710 1341 806 1402 pensa
823 1323 990 1403 superbae,

247 1408 311 1468 Nec
327 1407 421 1486 Styga
434 1403 564 1465 vidisses
580 1405 825 1484 Tartareumque
840 1426 955 1467 canem.

206 1491 294 1552 Nunc
310 1492 369 1551 tibi
385 1491 459 1551 luno
473 1489 572 1565 favet,
591 1509 672 1550 nunc
687 1497 719 1550 te
734 1497 787 1551 tua
804 1489 907 1570 diligit
921 1491 1033 1568 Hebe3

249 1574 337 1634 Nunc
350 1580 384 1634 te
399 1576 425 1633 si
439 1571 542 1632 videat
554 1573 719 1663 Nympha,⁸
731 1575 872 1635 remittet
886 1572 999 1654 Hylan.

594 1738 702 1801 LXVI.
830 1742 835 1752 “

207 1864 292 1926 Uxor
307 1881 374 1923 cum
388 1862 447 1923 tibi
461 1861 502 1921 sit
516 1862 666 1943 formosa,
686 1863 814 1944 pudica,
836 1864 956 1945 puella,

205 1975 210 1986 ·
252 1949 318 2024 Quo
332 1948 391 2007 tibi
405 1952 546 2006 natorum
562 1948 645 2026 iura,
667 1947 816 2028 Fabulle,
837 1949 954 2009 trium?

208 2032 298 2110 Quod
311 2032 392 2112 petis
407 2052 423 2090 a
436 2036 543 2091 nostro
559 2032 688 2113 supplex
703 2031 888 2113 dominoque
904 2033 1044 2114 deoque,

252 2118 300 2176 'l'u
317 2115 403 2176 dabis
420 2117 487 2196 ipse
503 2116 578 2194 tibi,
600 2117 626 2175 si
640 2123 731 2196 potes
746 2118 894 2196 arrigere.

584 2280 705 2344 LXVII.

208 2392 364 2454 Lascivam
378 2399 444 2454 tota
458 2394 584 2475 possedi
598 2400 690 2454 nocte
705 2391 856 2473 puellam,

252 2477 345 2538 cuius
360 2480 514 2557 nequitias
532 2479 657 2538 vincere
672 2476 758 2536 nulla
772 2480 887 2557 potest.

207 2558 322 2620 Fessus
336 2561 422 2622 mille
437 2561 536 2622 modis
551 2560 630 2620 illud
645 2560 768 2639 puerile
784 2560 927 2640 poposci:

249 2643 332 2703 Ante
345 2665 457 2724 preces
471 2652 552 2706 totas
566 2647 726 2724 primaque
741 2646 836 2705 verba
850 2642 946 2704 dedit.
1072 2717 1074 2721 Α

185 2725 381 2806 ulmprobius
396 2729 540 2808 quiddam
555 2728 722 2806 ridensque
737 2730 914 2808 rubensque
929 2726 1051 2806 rogavi:

250 2809 396 2872 Pollicita
412 2820 461 2873 est
474 2813 558 2873 nulla
571 2812 727 2873 luxuriosa
740 2832 834 2872 mora.

210 2891 273 2954 Sed
287 2896 362 2953 mihi
376 2915 452 2974 pura
467 2897 544 2972 fuit3
566 2899 623 2957 tibi
637 2916 700 2957 non
714 2898 793 2974 erit,
814 2892 987 2974 Aeschylo:
1009 2895 1035 2954 si
1049 2893 1114 2976 vis,

251 2978 367 3058 Accipe
384 2986 417 3038 et
431 2981 490 3040 hoc
504 3000 612 3041 munus
629 2979 806 3041 conditione
822 2977 910 3043 molo.

578 3096 710 3205 uxvnx.

209 3254 291 3334 Quid
304 3255 362 3315 tibi
381 3253 539 3313 nobiscum
556 3260 621 3331 est,
641 3253 707 3315 ludi
721 3253 876 3317 scelerate
891 3252 1057 3335 magister,

249 3340 381 3400 Invisum
396 3338 502 3419 pueris
516 3338 745 3416 virginibusque
761 3339 873 3419 caput?

206 3421 349 3485 Nondum
364 3423 483 3485 cristati
498 3439 613 3503 rupere
629 3421 751 3483 silentia
766 3421 856 3501 gallis

102 3474 148 3608 ἱ
