2370 3840
312 196 652 261 EPIGRAMMATON
667 196 742 258 LIB.
761 198 839 260 VIII.
1035 196 1096 261 183

505 398 641 459 XXXIII.

136 516 183 577 De
199 514 385 595 praetoricia
399 509 509 573 folium
523 512 616 590 mihi,
636 509 750 590 Paule,
774 531 888 571 corona

176 599 279 661 Mittis
294 604 327 658 et
340 599 400 657 hoc
413 595 537 677 phialae
551 614 664 656 nomen
678 597 794 656 babere
809 596 908 657 iubes.

134 685 201 744 Ilac
216 683 319 743 fuerat
332 699 432 761 nuper
446 678 558 740 nebula
573 681 632 740 tibi
645 699 755 760 pegma
768 685 968 761 perunctum,

178 765 299 827 Pallida
317 785 406 844 quam
420 765 508 824 rubri
524 759 616 823 diluit
630 763 712 823 unda
728 767 820 824 croci.

114 853 187 915 6An
201 851 296 930 magIs
311 850 404 909 astuti
419 846 529 909 derasa
543 853 593 907 est
607 865 708 927 ungue
725 848 859 909 ministri

178 935 324 1011 bractea,
346 932 385 992 de
400 931 500 993 fulcro
515 951 604 1011 quam
619 951 692 992 reor
708 950 777 993 esse
794 932 869 993 tuo?

137 1019 192 1079 flla
205 1023 312 1097 potest
326 1015 455 1076 culicem
469 1014 562 1094 longe
577 1017 695 1077 sentire
711 1016 864 1078 volantem

178 1102 220 1162 Et
234 1101 350 1160 mInimi
364 1101 459 1180 pinna
472 1097 638 1181 papilionis
654 1102 711 1179 agi.

136 1186 273 1263 Exiguae
289 1182 400 1244 volitat
413 1202 562 1265 suspensa
574 1203 689 1264 vapore
704 1180 853 1246 lucernae

95 1280 130 1333 10
176 1271 218 1330 ut
232 1267 346 1329 leviter
361 1269 430 1328 fuso
445 1269 597 1348 rumpilur
612 1270 674 1329 iota
688 1287 784 1328 mero.

134 1344 204 1414 IIoc
217 1351 327 1414 liuitur
342 1358 432 1433 sputo
449 1352 513 1412 Iani
528 1358 653 1431 caryota
667 1350 832 1429 Kalendis,

180 1436 276 1513 Quam
289 1436 354 1496 fert
368 1455 435 1495 oum
449 1454 544 1515 parco
560 1433 703 1496 sordidus
718 1454 785 1497 asse
801 1434 906 1498 ollens.

134 1521 236 1581 Lenta
249 1520 348 1579 minus
364 1518 472 1597 gracili
487 1525 632 1579 crescunt
646 1518 797 1580 colocasia
811 1519 880 1599 iilo,

182 1601 281 1664 I’lena
294 1603 389 1682 magis
404 1603 497 1663 nimio
512 1600 580 1663 lilla
594 1601 661 1664 sole
677 1604 804 1665 cadunt:
838 1613 840 1616 ’

95 1688 201 1750 15Neo
215 1707 290 1768 vaga
303 1693 366 1747 tam
381 1688 468 1747 tenui
484 1686 630 1748 discurrit
645 1707 757 1749 aranea
771 1685 852 1767 tela,

180 1773 256 1833 'Iam
271 1770 341 1832 leve
356 1789 414 1833 nec
428 1774 560 1851 bombyx
574 1770 729 1852 pendulus
744 1778 836 1851 urget
850 1792 935 1855 opas.

138 1857 280 1919 Crassior
293 1858 326 1916 in
341 1855 421 1916 facie
436 1854 558 1916 vetulae
575 1863 636 1917 stat
651 1865 737 1918 creta
750 1854 914 1938 Fabullae,

180 1941 322 2000 Crassior
337 1940 474 1999 offensae
488 1939 573 1999 bulla
588 1943 733 2002 tumescit
748 1959 862 2020 aqnae;

136 2024 264 2083 Fortior
282 2028 315 2082 et
329 2027 429 2081 tortos
444 2029 546 2082 servat
560 2025 662 2083 vesica
676 2024 806 2105 capillos

91 2116 130 2170 ⁴20
177 2107 219 2167 ut
233 2110 330 2166 mutat
348 2104 450 2164 Latias
466 2124 572 2184 spuma
587 2106 700 2168 Batava
716 2128 826 2170 comas.

137 2191 204 2250 Hac
222 2195 293 2250 oute
307 2187 431 2247 Ledaeo
445 2189 579 2248 vestitur
592 2188 696 2269 pullus
710 2193 743 2250 iu
757 2212 831 2270 ovo,

181 2271 271 2334 'I'alia
284 2270 390 2332 lunata
403 2270 521 2353 splenia
535 2272 640 2334 fronte
656 2275 775 2338 sedent.

139 2357 221 2435 Quid
234 2358 293 2418 tibi
308 2377 375 2416 cum
389 2355 507 2436 phiala,
529 2354 656 2434 ligulam
672 2378 740 2418 cum
753 2360 880 2420 mittere
892 2359 1010 2441 possis,

180 2442 311 2502 Mittere
327 2461 395 2501 cum
409 2441 508 2520 possis
519 2439 573 2501 'vel
590 2441 753 2503 cochleare
768 2443 866 2519 mihi‘}

94 2525 250 2605 25Magna
262 2527 353 2586 nimis
367 2524 539 2604 loquimur,
562 2523 719 2586 cochleam
734 2545 802 2586 oum
815 2527 942 2587 mittere
959 2525 1074 2608 possia;
1122 2588 1124 2593 ,

179 2611 321 2690 Denique
337 2629 404 2669 cum
419 2610 520 2689 possis
534 2610 678 2689 mittere,
701 2608 813 2688 Paule,
832 2610 920 2676 nihil.

507 2780 645 2843 XXXIV.

139 2907 353 2987 Archetypum
366 2909 458 2988 Myos
473 2916 633 2987 argeutum
648 2916 681 2970 te
697 2907 773 2969 diois
787 2910 914 2970 habere.

183 2990 272 3069 Quod
288 2993 354 3052 siue
370 2997 403 3052 te
419 2993 533 3052 factum
550 2998 614 3072 est,
637 2995 697 3054 hoc
711 2995 806 3073 magis
822 2994 1023 3073 archetypum
1037 3003 1096 3054 est.

516 3147 641 3209 XXXV.

138 3276 216 3336 Cum
230 3276 298 3335 sitis
313 3273 430 3335 similes
443 3292 597 3355 paresque
613 3277 692 3353 vita,
751 3280 772 3340 ι’

138 3359 224 3419 Uxor
239 3361 388 3441 pessIma,
407 3359 558 3439 pessimus
573 3361 719 3438 maritus,

138 3443 256 3523 Miror,
272 3462 335 3503 nou
350 3445 431 3506 hene
448 3444 737 3508 conveniremus
866 3459 869 3466 “
