2370 3840
116 171 198 277 ιιι
436 203 830 271 navannmuumnrs

178 365 244 427 alut
257 377 346 422 mane
361 354 452 418 sudas
467 359 552 418 urbis
568 357 681 418 osculis
693 355 787 434 udus,

202 448 349 524 Foroque
363 440 482 521 triplici
496 461 619 521 sparsus
635 447 706 502 ante
725 459 820 518 equor
835 457 942 500 omnes

199 528 380 606 Aedemque
395 526 506 586 Martis
522 533 554 586 et
569 524 711 585 colosson
725 524 871 603 Augusti,

202 613 310 674 Curris
324 628 382 691 per
397 627 503 670 omncs
517 611 688 687 tertiasque
704 610 896 687 quintusque.

200 698 302 777 Rape,
324 713 474 773 congere,
496 694 601 770 aufer,
623 692 764 772 posside:
786 690 1023 772 relinquendam
1038 698 1099 754 est.

159 793 194 845 10
202 781 342 861 Superba
355 779 459 839 densis
474 799 545 838 arca
557 775 674 857 palleat
690 778 836 855 nummis,

176 911 179 916 -
202 866 333 926 Centum
349 860 543 942 explicentur
554 861 684 941 paginae
698 858 923 938 Kalendarum,
1044 871 1050 882 ·

203 949 319 1009 Iurabit
333 948 444 1023 heres,
465 952 498 1006 te
512 943 593 1005 nihil
606 942 787 1023 reliquisse,

202 1024 363 1112 Supraque
376 1029 514 1109 pluteum
528 1037 561 1088 te
575 1031 697 1088 iacente
716 1028 765 1088 vel
780 1047 898 1107 saxum,

201 1118 314 1178 Fartus
329 1133 446 1194 papyro
463 1113 534 1173 dnm
548 1113 606 1173 tibi
621 1120 708 1171 torus
724 1113 852 1190 erescit,

160 1211 194 1265 15
201 1199 330 1262 Flentes
347 1217 382 1258 ιιι
406 1199 498 1257 erbua
513 1197 643 1257 basiabit
660 1196 834 1270 ennuchoa;

204 1285 335 1363 'l'uoque
349 1283 449 1342 trustis
462 1280 562 1359 filins,
583 1278 775 1358 vellendis,

203 1369 279 1430 (lum
296 1367 465 1428 concubino
481 1372 574 1426 nocte
590 1364 724 1425 dormiet
738 1365 846 1444 prima.

585 1526 679 1587 XLV.
791 1520 794 1529 ²

202 1635 326 1694 Priscus
342 1635 378 1694 ab
393 1636 540 1695 Aetnaeis
555 1637 646 1714 mihi,
668 1635 797 1712 Flacco,
821 1633 990 1693 Terentius
1006 1633 1070 1692 oris

243 1716 412 1777 Redditur:
431 1718 510 1777 hanc
524 1717 623 1779 lucem
639 1718 741 1778 lactea
758 1737 876 1797 gemma
890 1722 987 1777 notet.

54 1811 95 1840 ‘⁶'
202 1801 326 1862 Defluat
340 1807 374 1861 et
385 1801 472 1862 lento
487 1799 686 1881 splendescat
699 1801 824 1861 turbida
838 1801 904 1862 lino

244 1886 402 1967 Amphora
417 1892 549 1946 centeno
565 1886 691 1947 consule
705 1885 787 1946 faeta
801 1887 910 1947 minor.

181 1971 375 2049 5Gontinget
389 1990 449 2030 nox
467 1970 588 2051 quando
603 1972 756 2032 maistam
772 1969 902 2031 candida
916 1966 1055 2028 mensis?

248 2055 325 2115 Tam
338 2056 420 2115 iusto
435 2054 558 2116 dabitur
573 2055 694 2136 quando
710 2055 813 2116 calere
828 2053 936 2114 mero?

205 2139 282 2200 Cum
293 2146 342 2217 te,
363 2139 492 2218 Flacco,
515 2135 591 2200 mibi
605 2139 718 2200 reddet
735 2138 904 2219 cythereia
918 2137 1055 2217 Cyprum

245 2223 398 2284 Luxuriae
412 2224 468 2283 fiet
482 2231 544 2284 tam
559 2226 639 2284 bona
653 2244 743 2284 cansa
760 2241 857 2288 meac.

589 2377 696 2439 XLVI.

205 2503 326 2580 Quanta
339 2509 392 2562 tua
406 2509 454 2563 est
469 2505 626 2584 probitas,
647 2510 732 2564 tauta
748 2512 797 2566 est
810 2503 942 2565 infantia
956 2502 1094 2580 formae,

247 2586 342 2646 Ceste
358 2605 453 2665 puer,
475 2605 573 2666 puero
590 2589 704 2647 castior
718 2588 904 2669 Hippolyto!

205 2668 253 2728 Tc
270 2688 373 2729 secum
389 2670 486 2729 Diana
502 2669 579 2730 velit
596 2670 767 2750 doceatque
784 2679 910 2749 natare,

139 2764 140 2767 ’
181 2758 183 2772 “
248 2751 296 2812 Te
313 2751 431 2830 Cybele
444 2759 544 2814 totum
561 2752 670 2816 mallet
684 2757 801 2816 habere
816 2755 950 2835 Phryge.

181 2835 257 2898 bTu
273 2835 472 2914 Ganymedeo
486 2845 612 2918 poteras
627 2836 796 2901 succedere
809 2838 910 2918 lecto,

248 2917 311 2979 Sed
327 2918 421 2978 durus
436 2919 559 2982 domino
572 2924 658 2985 basia
674 2921 739 2984 sola
754 2922 854 2984 dares.

202 3000 308 3081 netur,
332 3020 409 3080 quae
423 3007 565 3065 tenerum
580 3008 701 3068 vexabit
719 3026 830 3086 sponsa
845 3008 988 3067 maritum

244 3087 286 3148 Et
301 3103 379 3166 quae
395 3091 428 3144 te
443 3086 538 3149 faciet
551 3092 651 3169 prima
664 3090 769 3172 puella
784 3091 895 3151 virum!

578 3244 698 3308 XLVII.

136 3330 139 3336 Ι
204 3356 280 3417 Pars
294 3355 485 3418 maxillarum
497 3362 587 3418 tonsa
601 3358 737 3436 esttibi,
759 3378 831 3438 pars
846 3359 904 3419 tibi
918 3379 987 3419 rasa
1004 3363 1070 3436 est,

129 3453 132 3458 ·
245 3441 321 3502 Ριιι
335 3441 420 3503 vulsa
435 3447 492 3503 est.
521 3441 623 3502 Unum
637 3442 704 3518 quis
718 3448 807 3521 putat
821 3459 890 3503 esse
905 3442 1019 3524 caput?
