2370 3840
381 468 426 543 n.
455 469 558 543 vnn.
587 469 841 544 nnnnrnns

296 638 925 734 urltnlduldod

494 820 741 882 Llnnnxll.

370 1004 438 1067 Vas.
454 1005 612 1066 Martialis
626 1005 731 1066 ltisoo
746 1024 803 1066 suo
818 1003 852 1065 S.

217 1115 293 1212 Scio
307 1169 357 1212 me
367 1151 571 1231 patrocinium
581 1148 697 1209 debere
712 1149 993 1209 contumacissimae
1010 1150 1130 1209 trienni

135 1236 287 1311 desidiae;
324 1254 383 1315 quo
412 1232 595 1294 absolvenda
620 1252 682 1292 non
704 1238 788 1292 esset
807 1234 891 1292 iuter
913 1231 983 1292 illas
1004 1251 1129 1312 quoqne

132 1321 255 1380 urbicas
282 1319 515 1399 occupationes,
551 1318 660 1397 quibus
686 1315 806 1376 facilius
835 1316 1067 1395 consequimur,
1094 1322 1130 1374 ut

133 1403 256 1464 molesti
269 1405 389 1483 potius,
417 1421 505 1479 quam
523 1408 558 1460 ut
577 1402 708 1461 officiosi
730 1418 800 1460 esse
814 1398 987 1474 videamur3
1013 1399 1129 1458 nedum

112 1489 167 1550 5in
180 1488 238 1546 hac
253 1483 436 1566 provinciali
451 1482 628 1561 solitudine,
639 1485 693 1544 ubi
703 1485 763 1544 nisi
778 1484 869 1543 etiam
882 1485 1129 1562 intemperanter

133 1568 306 1647 studemus,
329 1575 362 1628 et
381 1568 448 1627 sine
470 1566 580 1626 solatio
598 1573 630 1627 et
644 1569 710 1626 sine
726 1567 920 1627 excusatione
935 1568 1127 1626 secessimus.

132 1654 248 1732 Accipe
269 1670 343 1729 ergo
362 1651 531 1725 rationem3
556 1651 588 1709 in
612 1670 671 1729 qua
690 1651 750 1710 hoo
770 1652 929 1711 maximum
949 1655 982 1708 et
995 1649 1128 1729 primurn

132 1743 196 1813 est,
233 1734 316 1815 qnod
338 1735 468 1794 civitatis
490 1751 595 1811 aures,
632 1735 741 1812 quibus
765 1752 972 1810 assueverom,
1001 1750 1127 1810 quaero,

133 1826 166 1880 et
179 1818 288 1880 videor
307 1819 381 1878 mihi
402 1818 435 1877 in
457 1817 555 1878 alieno
575 1817 644 1876 loro
659 1815 793 1896 liligare.
832 1818 865 1878 Si
880 1815 954 1897 quid
969 1822 1018 1876 est
1034 1816 1127 1892 enim,

91 1913 125 1966 10
133 1902 215 1983 quod
239 1905 271 1962 in
299 1900 417 1963 libellis
443 1903 519 1962 meis
545 1899 682 1981 placeat,
713 1900 839 1962 dictavit
864 1899 992 1961 auditor.
1039 1896 1127 1958 lllam

131 1986 314 2047 indiciorum
328 1984 548 2064 subtilitatem,
575 1984 654 2045 illud
675 1987 871 2046 materiarum
886 1985 1058 2063 ingenium,
1080 1983 1128 2042 bi-

131 2069 320 2148 bliothecas,
341 2072 479 2148 theatra,
503 2071 676 2147 convictus,
697 2070 729 2129 in
751 2070 859 2147 quibus
873 2067 1001 2128 studere
1020 2083 1054 2126 se
1075 2084 1128 2126 vo-

130 2152 264 2234 luptates
293 2173 356 2214 non
381 2155 534 2231 sentiunt,
567 2152 605 2213 ad
630 2172 774 2213 summam
794 2154 926 2213 omnium
945 2149 1015 2228 illa,
1050 2167 1128 2228 quae

132 2236 257 2298 delicati
273 2236 471 2317 reliquimus,
496 2236 704 2297 desideramus
719 2237 805 2316 quasi
819 2235 968 2296 destituti.
996 2231 1129 2293 Accedit

90 2329 123 2385 15
130 2321 179 2381 his
194 2322 421 2402 municipalium
433 2323 542 2400 rubigo
564 2320 701 2381 dentium
721 2328 754 2381 et
769 2319 864 2379 iudici
883 2318 953 2379 loco
969 2314 1066 2394 livor,
1095 2322 1129 2375 et

131 2424 208 2465 nnus
225 2411 277 2466 aut
291 2405 372 2465 alter
386 2405 474 2484 muli,
495 2407 528 2464 in
543 2403 657 2485 pusillo
671 2403 742 2465 loco
757 2402 861 2478 multi;
882 2401 1026 2462 adversus
1044 2398 1128 2478 quod

131 2487 261 2550 difficile
276 2491 449 2550 esthabere
465 2486 579 2549 cotidie
593 2490 706 2548 bonum
719 2489 915 2547 stomachum.
942 2485 989 2545 Ne
1003 2483 1128 2543 mireris

130 2572 225 2649 igitur
240 2574 359 2634 abiecta
369 2575 406 2633 ab
415 2572 594 2650 indignante
606 2588 683 2650 quae
696 2592 712 2629 a
725 2573 879 2649 gestiente
887 2569 959 2630 fieri
973 2565 1126 2628 solebant.

130 2654 177 2714 Ne
206 2654 279 2734 quid
304 2660 407 2716 tamen
430 2662 464 2717 et
490 2654 666 2716 advenienti
688 2656 746 2715 tibi
767 2657 803 2715 ab
832 2656 910 2714 urbe
932 2658 965 2711 et
990 2650 1128 2728 exigenti

89 2746 291 2816 tonegarem,
305 2771 349 2785 —
364 2741 412 2800 cui
422 2759 484 2800 non
499 2739 605 2799 refero
620 2740 764 2818 gratiam,
779 2739 938 2798 sitantum
953 2753 990 2796 ea
999 2740 1127 2815 praesto

132 2839 351 2901 quaepossum,
360 2857 395 2866 -
405 2825 552 2903 imperavi
565 2824 650 2902 mihi,
665 2822 747 2902 quod
758 2819 922 2900 indulgere
930 2836 1127 2891 consueram

64 2940 69 2947 =
131 2911 164 2964 et
178 2903 282 2964 studui
292 2906 482 2984 paucissimis
497 2907 621 2985 diebus,
638 2911 672 2966 ut
682 2904 935 2966 familiarissimas
948 2903 1024 2963 mihi
1036 2918 1128 2960 aures

130 2995 199 3048 tuas
214 2989 389 3068 exciperem
406 2987 585 3050 adventoria
599 3010 661 3051 sua.
697 2990 747 3050 'lu
761 2987 851 3050 velim
865 2990 941 3065 ista,
964 3004 1041 3065 quae
1060 2992 1128 3044 tan-

129 3077 193 3131 tum
218 3071 298 3152 apud
317 3076 351 3131 te
370 3090 431 3130 non
454 3071 686 3151 periclitantur,
721 3072 888 3151 diligenter
908 3070 1071 3131 aestimare
1095 3073 1129 3127 et

87 3163 121 3217 tt
129 3163 275 3217 excutere
288 3175 349 3216 non
364 3157 517 3236 graveris3
539 3162 587 3234 et,
603 3156 685 3235 quod
698 3158 757 3218 tibi
772 3153 988 3216 difficillimum
1005 3159 1072 3229 est,
1087 3150 1128 3211 de

129 3241 218 3318 nugis
239 3242 354 3302 uostris
374 3237 493 3300 iudices
513 3240 616 3299 nitore
636 3241 788 3320 seposito,
816 3239 1014 3314 nortonam,
1036 3236 1064 3295 si
1083 3236 1126 3294 ita

126 3321 321 3406 decreveris,
349 3343 411 3386 non
426 3323 663 3405 Hispaniensem
676 3325 846 3400 mittamus,
875 3321 931 3381 sed
946 3321 1125 3400 Hispanum.

52 3380 72 3519 l
