2370 3840
295 210 298 214 “
331 185 670 250 EPIGRAMMA'PON
682 189 757 255 Lib.
772 191 822 254 lll.
1056 191 1097 257 79

136 341 263 402 Domini
277 341 413 400 bibentis
429 342 549 400 ebrium
563 342 646 419 regit
663 361 785 422 penem.

136 426 181 486 At
194 423 251 486 ille
265 432 353 484 retro
367 425 464 484 flexus
482 423 520 483 ad
532 424 647 503 pedum
660 429 782 487 turbam

136 509 225 570 Inter
240 506 367 568 catellas
382 527 522 568 anserum
538 516 608 567 eata
623 506 796 570 lambentes

93 594 278 657 20Partitur
292 593 360 672 apri
373 589 534 671 glandulas
548 591 736 672 palaestritis

137 677 181 740 Et
195 677 367 736 concubino
382 683 536 735 turturum
551 683 639 735 nates
656 677 766 752 donat;

137 761 348 839 Ligurumque
363 761 453 819 nobis
467 780 536 820 sara
549 779 617 819 cum
631 763 846 823 ministrentur

138 843 201 905 Vel
217 852 304 904 cocta
318 844 411 904 fumis
425 851 524 903 musta
537 843 753 923 Massilitanis,

140 927 336 1009 Opimianum
352 929 540 987 morionibus
553 934 661 988 nectar

95 1009 400 1091 250rystallinisque
414 1012 622 1089 murrinisque
635 1013 790 1092 propinat,

139 1097 182 1156 nt
198 1096 371 1157 Cosmianis
384 1097 452 1177 ipse
467 1096 553 1154 fusus
571 1095 713 1176 ampullis

137 1180 208 1240 Non
224 1182 382 1246 erubescit
396 1181 514 1238 murice
529 1199 622 1239 aureo
639 1181 727 1239 nobis

138 1264 288 1325 Dividere
303 1265 449 1324 moechae
463 1265 609 1345 pauperis
624 1263 780 1344 capillare.

139 1349 298 1430 Septunce
312 1348 409 1410 multo
425 1348 538 1408 deinde
551 1346 693 1426 perditus
707 1349 822 1410 stertit.

94 1433 200 1496 30Nos
216 1435 395 1494 accubamus
411 1439 462 1509 et,
482 1430 638 1490 silentium
652 1432 798 1492 rhonchis

138 1518 305 1579 Praestare
317 1518 410 1594 iussi,
431 1516 556 1574 nutibus
571 1517 776 1595 propinamus.

138 1603 207 1662 Hos
219 1599 408 1663 Malchionis
423 1600 557 1678 patimur
571 1600 705 1680 improbi
718 1600 834 1679 fastus,

137 1685 204 1747 Neo
222 1683 386 1764 vindicari,
407 1683 505 1761 Rufe,
526 1684 695 1763 poscimus:
717 1683 817 1746 fellat.

496 1848 659 1911 Lxxxffl.

138 1961 183 2022 Ut
196 1961 307 2021 faciam
321 1962 464 2021 breviora
480 1981 587 2022 moues
603 1963 836 2042 epigrammata,
859 1956 972 2026 Corde.

180 2045 245 2106 Fac
259 2045 350 2124 mihi,
374 2045 456 2125 quod
470 2046 607 2106 Chione:
630 2065 692 2105 uon
705 2047 792 2126 potui
807 2044 940 2106 brevius.

495 2208 661 2270 LXXXIV.

139 2320 221 2398 Quid
236 2325 341 2381 namot
354 2326 407 2380 tua
420 2322 572 2382 moecha?
604 2320 673 2381 Nou
686 2318 821 2400 puellam

136 2405 224 2484 Dixi,
247 2401 432 2483 Gongylion.
462 2405 544 2482 Quid
559 2406 658 2485 ergo?
677 2404 822 2484 linguam.

502 2556 653 2619 LXXXV.

138 2666 214 2742 Quis
230 2667 288 2726 tibi
302 2669 456 2746 persuasit
470 2687 561 2729 nares
576 2667 738 2728 abscidere
751 2667 903 2727 moecho?

179 2751 250 2810 Non
264 2752 322 2810 hac
335 2759 496 2830 peccatum
510 2760 558 2812 est
573 2758 679 2832 parte,
701 2753 827 2828 marite,
850 2751 916 2811 tibi.

138 2834 258 2912 Stulte,
282 2834 356 2912 quid
370 2837 484 2914 egisti?
505 2835 583 2895 nihil
599 2838 651 2896 hio
665 2838 725 2896 tibi
740 2834 880 2916 perdidit
893 2855 986 2913 uxor,

182 2919 259 2979 Cum
278 2921 320 2980 sit
333 2917 416 2979 salva
430 2922 476 2980 tui
493 2919 629 2980 mentula
642 2921 808 3000 Deiphobi.

361 3118 367 3132 ,
495 3067 659 3130 LXXXVI.
746 3125 749 3132 .

136 3180 183 3241 Ne
197 3179 321 3260 legeres
335 3185 456 3261 partem
469 3179 593 3260 lascivi,
616 3189 714 3262 casta,
735 3181 854 3261 libelli,

178 3264 324 3326 Praedixi
338 3272 370 3325 et
385 3268 503 3326 monui:
526 3273 560 3326 tu
575 3273 693 3345 tamen,
714 3286 803 3344 ecce,
820 3264 909 3345 legis,

136 3347 202 3410 Sed
216 3351 243 3409 si
256 3348 457 3410 Panniculum
472 3358 593 3431 spectas
611 3359 644 3411 et
659 3358 742 3411 casta
758 3350 920 3430 Latinum,
935 3385 976 3399 ··-

177 3433 247 3495 Non
262 3438 334 3495 sunt
347 3434 424 3493 haec
439 3436 538 3496 mimis
553 3436 760 3518 improbiora,
771 3468 815 3482 -
825 3433 911 3516 leae.
