2370 3840
85 143 88 148 ·
137 195 179 260 82
458 193 853 259 M.VAL.MART1AL18

263 347 332 408 Non
349 352 510 427 expectato
526 345 578 407 dat
591 347 666 405 mihi
680 346 760 406 fama
773 364 859 424 rogo.

220 433 278 493 Est
295 439 328 492 et
341 432 373 490 in
386 433 446 491 hoc
463 429 593 508 aliquid:
614 430 693 490 vidit
707 449 755 490 me
769 429 865 490 Rome
879 430 1037 494 tribunum

181 525 214 580 10
262 516 304 576 Et
319 514 413 575 sedeo
429 521 489 594 'que
508 521 541 575 te
556 516 684 574 suscitat
699 514 849 575 Oceanus.

223 600 306 676 Quot
320 600 395 658 mihi
410 599 563 659 Caesareo
578 599 653 658 facti
668 605 739 659 sunt
754 615 881 658 munere
897 597 996 678 cives,

264 683 328 743 Nec
343 682 472 743 famulos
487 681 618 743 totidem
633 683 773 762 suspicor
787 700 856 742 esse
872 682 939 745 tibi.

223 766 286 828 Sed
299 766 489 846 paedicarie,
511 765 567 827 sed
579 766 727 847 pulchre,
750 763 903 844 Neevole,
926 784 1035 829 eevee:

263 853 398 912 Iamiam
412 856 446 911 tu
460 852 548 931 prior
561 869 609 929 es,
631 848 783 911 Naevole:
803 851 917 928 vincis,
940 870 1003 913 eve.

607 985 713 1047 xcvl.

222 1099 345 1178 Lingis,
364 1118 426 1159 non
441 1099 536 1159 futuis
551 1116 648 1158 meam
662 1097 794 1179 puellam

223 1184 264 1247 Iit
279 1183 377 1262 garris
395 1184 480 1262 quasi
495 1184 642 1242 moechus
657 1189 689 1242 et
703 1183 832 1242 fututor.

224 1267 257 1329 Si
270 1273 304 1328 te
318 1266 492 1347 prendere,
516 1265 651 1346 Gargili,
674 1267 801 1327 tacebis.

598 1399 719 1464 xcvii.

222 1515 268 1575 Ne
282 1513 367 1593 legat
380 1515 462 1573 hunc
472 1463 614 1590 iihione,
635 1510 746 1572 mando
761 1512 836 1591 tibi,
855 1512 951 1593 Rufe,
972 1511 1124 1580 libellum.

266 1598 409 1658 Carmine
422 1595 508 1657 laesa
522 1615 590 1656 meo
606 1602 669 1674 eet,
690 1595 818 1657 laedere
833 1602 867 1657 et
880 1596 934 1659 ille
948 1604 1062 1679 potest!

595 1729 728 1794 XCVIII.

225 1846 273 1908 Sit
286 1844 373 1907 culus
386 1848 445 1907 tibi
460 1866 548 1925 quem
563 1864 666 1906 macer
680 1847 836 1926 requiris?

225 1930 395 1992 Paedicare
409 1937 515 2013 potes,
538 1927 679 2008 Sabelle,
702 1929 780 1992 culo.
903 2020 905 2024 Α

605 2065 712 2126 xcix.

224 2178 317 2240 Irasci
332 2185 439 2239 nostro
454 2198 516 2239 non
531 2177 644 2257 debes,
667 2177 779 2257 cerdo,
800 2175 920 2241 libello.

266 2264 326 2323 Ars
340 2270 409 2342 tua,
429 2256 491 2323 noli
506 2265 568 2324 vita
582 2268 632 2324 ent
645 2264 780 2323 carmine
793 2259 878 2322 laese
892 2279 971 2321 meo.

224 2347 293 2407 Non
307 2366 422 2407 nocuos
435 2349 584 2426 permitte
599 2344 688 2408 sales.
722 2347 785 2407 Cur
799 2344 909 2406 ludere
924 2345 1013 2406 nobie

266 2430 335 2490 Non
348 2428 459 2510 liceat,
479 2429 573 2491 licuit
582 2432 608 2490 si
621 2430 760 2509 iugulare
776 2429 856 2490 titt?

641 2565 675 2625 0.

225 2677 392 2737 Cursorem
408 2680 493 2736 nexta
507 2677 582 2754 tibi,
602 2675 700 2754 Rufe,
720 2677 893 2736 remisimus
912 2676 1007 2755 hora,

268 2760 411 2820 Carmina
426 2780 516 2840 quem
530 2758 684 2820 madidum
698 2767 803 2820 nostra
818 2759 927 2820 tulisse
942 2778 1028 2820 reor.

226 2843 376 2904 Imbribus
390 2842 561 2905 immodicis
576 2842 695 2904 caelum
711 2864 780 2903 nem
797 2844 880 2904 forte
895 2846 1014 2903 ruebat.

267 2927 335 2991 Non
351 2927 443 2989 aliter
460 2929 541 2988 mitti
558 2926 664 2988 debuit
678 2930 738 2989 iste
753 2927 843 2987 liber.

577 3155 753 3172 Um*
