2370 3840
341 198 678 260 celandumne&
695 201 769 262 llll.
787 203 825 264 Υ.
1041 205 1101 270 123

524 401 630 462 LXIV.

144 516 325 592 Sextantes‚
347 513 494 594 Calliste,
518 513 594 575 duca
608 515 738 577 infunde
751 517 898 596 Falerni,

185 599 236 659 Tu
249 617 343 678 super
359 601 505 677 aestivas,
526 599 666 679 Alcime,
688 599 773 662 solve
787 605 883 666 uires,

142 684 327 762 Pinguescat
340 684 434 743 nimio
449 683 588 744 madidus
603 686 679 745 mihi
693 687 788 747 erinis
804 707 920 747 amoma

183 767 414 847 Lassenturque
428 770 509 828 rosis
523 775 665 848 tempora
677 768 832 835 sutilibus.

119 850 203 913 tlam
216 852 316 912 vicina
328 853 439 912 iubent
452 872 509 912 nos
525 855 630 914 rivere
645 853 821 933 Mausolea,

182 937 259 997 Dum
274 933 423 1015 doceant,
444 938 528 1016 ipsus
541 956 634 1017 posse
647 939 754 1019 perire
768 936 853 1002 deos.

529 1071 623 1135 LXV.

140 1186 233 1245 Astra
249 1183 418 1266 polumque
433 1178 536 1262 dedit,
559 1188 693 1265 quamvis
708 1187 850 1246 obstante
861 1204 1012 1264 noverea,

181 1268 310 1330 Alcidae
324 1270 457 1331 Nemees
469 1277 574 1330 terror
587 1278 621 1330 et
635 1270 732 1331 Arcas
750 1289 825 1351 aper

140 1354 182 1414 Et
195 1355 374 1432 castigatum
388 1356 522 1435 Libycae
536 1372 659 1428 ceroma
672 1353 847 1435 palaestrae

181 1438 224 1498 Et
237 1440 337 1516 gravis
352 1440 384 1499 in
402 1438 507 1499 Siculo
523 1437 653 1519 pulvere
668 1446 754 1499 tusus
768 1438 869 1518 Eryx,

119 1520 355 1601 5Silvarumque
370 1531 504 1601 tremor,
525 1523 618 1583 tacita
633 1525 685 1602 qui
698 1521 808 1583 frande
823 1519 945 1584 solebat

181 1608 303 1667 Ducere
317 1626 376 1668 nec
389 1616 492 1668 rectas
507 1607 606 1667 (lacus
619 1608 650 1666 in
668 1613 756 1668 antra
771 1609 873 1668 boves.

140 1692 198 1751 ista
215 1705 303 1769 tuae,
327 1692 459 1769 Caesar,
481 1698 573 1771 quota
587 1711 659 1771 pars
675 1698 833 1772 spectatur
847 1689 1007 1751 harenae?

181 1777 241 1835 Dat
253 1776 369 1836 maiora
383 1796 478 1836 novus
492 1775 612 1857 praelia
625 1795 713 1836 mane
729 1774 805 1836 dies.

139 1861 221 1935 Quot
235 1861 374 1939 graviora
389 1860 502 1920 cadunt
515 1860 670 1921 Nemeaeo
684 1859 824 1941 pondera
836 1858 998 1919 monstro?

99 1955 132 2006 ιο
180 1945 262 2020 Quot
277 1952 328 2004 tua
342 1944 515 2005 Maenalius
530 1943 664 2005 collocat
679 1946 766 2006 basta
781 1944 876 2004 sues?

139 2027 299 2088 Reddatur
314 2031 340 2088 ai
353 2049 456 2109 pugna
469 2028 584 2109 triplex
599 2031 734 2109 pastoris
748 2029 878 2106 Hiberi,

180 2114 237 2172 Est
250 2115 307 2173 tibi
323 2115 373 2193 qui
388 2116 487 2194 possit
500 2114 625 2174 vincere
640 2115 826 2194 Geryonem.
1030 2183 1035 2192 ³

139 2196 239 2277 Saepe
253 2195 329 2257 licet
344 2198 455 2258 Graiae
471 2206 651 2258 numeretur
665 2198 757 2258 belua
770 2197 910 2273 Lernae,

181 2281 323 2360 improba
337 2280 464 2342 Niliacis
480 2282 555 2361 quid
567 2282 641 2343 lacit
655 2281 763 2362 Hydra
777 2280 876 2342 feris?

96 2365 198 2427 151³r0
213 2366 334 2426 meritis
351 2365 467 2427 caelum
481 2368 592 2444 tantis,
614 2366 769 2446 Anguste,
793 2362 949 2425 dederunt

179 2448 310 2510 Alcidae
325 2451 387 2511 cito
404 2449 452 2529 di,
470 2451 527 2512 sed
540 2453 598 2512 tibi
614 2470 685 2511 sero
701 2450 826 2511 dabunt.

521 2586 627 2647 LXVI.

137 2697 236 2777 Saepe
252 2698 401 2761 salutatus
416 2720 569 2779 nunquam
584 2700 671 2779 prior
685 2699 753 2779 ipse
768 2695 900 2758 salutas:

180 2781 232 2842 Sic
248 2784 310 2843 eris
326 2790 503 2862 aeteruum,
525 2783 716 2861 Pantiliane,
739 2779 826 2845 Vale.

517 2917 636 2978 LXVll.

134 3028 291 3089 Hibernos
305 3033 453 3109 peterent
468 3029 558 3090 solito
575 3049 641 3089 cum
656 3047 743 3089 more
759 3046 902 3089 recessus
989 3046 994 3057 ·

177 3111 342 3190 Atthides,
363 3114 395 3171 in
409 3112 491 3174 nidis
505 3133 565 3173 una
578 3113 727 3173 remansit
742 3113 814 3172 aris.

20 3227 22 3230 ⁴
135 3195 340 3276 Deprendere
352 3197 440 3257 nefas
457 3196 495 3257 ad
508 3205 648 3277 tempora
662 3214 757 3256 verna
771 3213 915 3256 reversae

176 3281 218 3341 Et
230 3281 392 3362 profugam
405 3281 547 3342 volueres
563 3281 721 3361 diripuere
737 3299 829 3340 suam.

113 3363 215 3426 asera
231 3363 320 3426 dedit
333 3384 465 3446 poenasr
488 3365 624 3445 dlaeerpi
637 3365 726 3424 noxia
742 3371 841 3423 mater

177 3449 352 3529 Debuerat,
373 3449 429 3511 sed
441 3456 532 3531 tune,
554 3446 883 3529 cumlaceraaltltyu.

1027 3672 1031 3679 a
