2370 3840
48 161 93 226 no
375 162 417 224 m
434 161 525 225 van.
544 159 773 236 minumus
848 239 852 243 ¹

137 312 282 376 Gaudent
296 314 418 373 iocosae
434 313 529 372 Canio
545 331 600 372 suo
616 311 739 391 Gades,

94 408 129 462 10
178 397 318 458 Emerita
331 396 468 457 Deciano
483 403 570 457 meo:

138 482 202 559 Te,
224 479 400 559 Liciniam,
420 479 603 558 gloriabitur
617 486 738 558 nostro,

49 643 55 650 ,
178 565 244 626 Nec
257 582 306 624 me
319 565 436 625 tacebit
453 560 584 624 Bilbilin.

530 696 621 757 LXII.

137 813 231 873 Castu
247 831 305 872 nec
320 811 452 890 antiquis
468 808 583 871 cedens
596 808 730 870 Laevius
744 809 867 871 Sabinis

179 896 220 957 L't
235 897 369 975 quamvis
383 895 496 955 tetrico
509 893 630 953 tristior
645 894 711 974 ipsa
725 895 791 953 viro

136 980 216 1040 Dum
231 979 321 1039 modo
336 980 488 1056 Lemno,
511 976 602 1036 modo
619 994 653 1036 se
668 979 823 1057 permittit
837 980 979 1059 Averno,

179 1065 220 1126 let
235 1064 306 1133 dum
320 1064 443 1123 Baianis
459 1079 552 1143 saepe
566 1061 690 1122 foretur
705 1063 809 1141 aquis,

114 1146 253 1210 sincidit
265 1148 299 1207 in
312 1148 448 1208 flammas
465 1147 669 1223 iuvenemque
684 1153 790 1206 secuta
808 1144 921 1209 relicto
952 1221 957 1228 Δ

179 1232 318 1311 coniuge
332 1229 493 1312 Penelope
509 1230 610 1306 venit,
633 1228 697 1289 abit
711 1227 847 1294 Helene.

520 1363 624 1424 LXIII.

136 1478 179 1537 Ut
194 1479 325 1537 recitem
338 1478 397 1537 tibi
410 1484 516 1537 nostra
530 1493 620 1554 rogas
636 1475 863 1554 epigrammata.
897 1475 988 1538 Nolo.

179 1559 248 1620 Non
262 1559 387 1638 audire,
410 1559 522 1637 Celer,
545 1556 602 1617 sed
616 1560 751 1619 recitare
767 1563 862 1640 cupis.

523 1690 631 1754 LXIV.

137 1805 224 1866 Bella
238 1764 288 1883 es,
311 1806 464 1883 novimus,
487 1811 519 1864 ot
536 1801 659 1885 puella,
678 1821 785 1865 verum
801 1813 868 1885 est,

137 1890 179 1950 Et
192 1889 292 1967 dives,
312 1891 380 1969 quis
395 1890 477 1948 enim
491 1893 597 1970 potest
611 1888 750 1965 negare?

138 1972 202 2033 Sed
217 1993 285 2034 cmo
301 1980 335 2033 te
348 1974 490 2051 nimium,
511 1970 655 2049 Fabulla,
677 1969 803 2051 laudas,
915 2047 918 2052 .

136 2057 202 2118 Nec
220 2056 306 2119 diues
321 2076 423 2138 neque
437 2056 520 2119 bella
536 2074 595 2116 nec
609 2053 715 2137 puelle
731 2076 781 2146 es

530 2193 626 2256 LXV.

91 2304 171 2364 (ium
187 2304 249 2366 dixi
264 2306 356 2383 iicus,
377 2305 464 2365 rides
482 2307 566 2380 quasi
581 2305 712 2365 barbara
726 2307 821 2365 verba

135 2389 177 2447 Et
192 2387 254 2448 dici
268 2388 361 2465 ficos,
385 2387 579 2465 CaeciIiane,
600 2388 697 2448 iubes.

93 2470 237 2530 Dicemus
254 2472 347 2548 iicus,
371 2490 445 2550 ques
460 2472 572 2531 scimus
586 2470 619 2530 in
634 2472 746 2534 arbore
760 2472 860 2549 nasci,

136 2554 278 2616 Dicemus
291 2554 385 2632 ficos,
407 2553 598 2630 Caeciliam,
620 2560 698 2615 tuos.

50 2708 82 2828 A
516 2701 625 2763 LXVI.

134 2813 230 2875 Erras
244 2831 382 2874 meorum
396 2815 447 2874 fur
462 2833 552 2874 avare
565 2813 736 2894 librorum,

134 2895 221 2956 FIeri
236 2903 359 2977 poetam
373 2916 466 2979 posse
481 2899 534 2978 qui
549 2904 638 2978 putas
652 2905 760 2977 tanto,

136 2978 297 3061 Scriptura
315 2983 420 3059 quanti
437 2987 557 3042 constat
575 2988 607 3042 et
622 2988 722 3043 tomus
737 2980 819 3048 vilis.

135 3063 204 3124 Non
219 3082 272 3124 sex
288 3071 414 3146 paratur
428 3072 480 3125 aut
495 3064 604 3127 decem
619 3069 734 3147 sophos
749 3069 897 3129 nummis:

110 3147 267 3210 osecreta
281 3167 397 3228 quaere
411 3151 547 3210 carmina
562 3158 594 3212 et
608 3150 703 3212 rudes
719 3171 807 3213 curas

136 3232 217 3309 Quas
232 3235 317 3292 novit
332 3253 409 3310 unus
424 3235 604 3314 scrinioque
613 3237 754 3314 'signatas

135 3316 281 3377 Custodit
295 3318 364 3398 ipse
381 3319 510 3397 virginis
524 3326 615 3400 peter
630 3321 775 3397 chartae,

134 3401 220 3477 Quae
235 3400 314 3469 trita
324 3401 401 3462 duro
417 3422 479 3462 non
496 3404 653 3464 inhorruit
668 3410 783 3466 mento.
