2370 3840
429 187 474 250 M.
489 185 580 287 vnn.
594 184 821 248 ambimus

591 390 655 452 VII.

187 494 320 556 Centum
334 489 451 552 mirelli
462 491 523 549 iam
536 487 639 549 valete
656 489 859 569 quadrantes,

185 575 441 652 Anteambulonis
458 575 647 652 congiarium
661 572 754 652 lassi,

187 664 271 740 Quos
285 660 443 722 dividebat
457 659 619 720 balneator
634 657 742 719 elixus.

187 744 270 824 Quid
284 747 443 824 cogitatis,
466 764 484 804 o
500 744 597 804 fames
613 742 799 803 amicornm?

165 831 282 910 bRegia
298 831 425 911 superbi
440 826 600 910 sportulae
614 832 823 888 recesserunt.
842 864 847 883 ι

186 912 273 977 Nihil
287 916 482 996 stropharum
497 918 560 974 est:
581 914 642 972 iam
656 911 799 972 solarium
815 909 946 971 dandum
962 916 1020 970 est.

582 1037 661 1101 VlIl.

190 1139 311 1202 Thaida
326 1140 457 1216 Quintus
479 1144 575 1216 amat,
600 1158 689 1217 quam
706 1137 851 1198 Thaida?
884 1135 1005 1197 Thelda
1020 1129 1145 1198 luscam.

230 1224 333 1287 Unum
345 1221 469 1311 ¹oculum
485 1222 581 1283 Thais
595 1242 657 1283 non
673 1224 783 1301 habet,
800 1221 855 1282 ille
871 1220 957 1283 duos.

597 1347 648 1409 IX.

188 1461 369 1528 Versiculos
384 1465 417 1523 in
432 1482 482 1523 me
496 1469 640 1524 narratur
655 1464 794 1523 scribere
811 1462 918 1522 Cinna.

185 1603 189 1610 .
230 1547 299 1608 Non
313 1548 437 1625 scribit,
460 1548 545 1607 cuius
561 1549 696 1608 carmina
709 1565 799 1606 nemo
814 1544 901 1624 legit.

611 1671 651 1737 X.

104 1736 107 1741 >
190 1784 376 1863 Constituit,
397 1781 592 1863 Philomuse,
614 1790 704 1865 pater
719 1786 777 1845 tibi
791 1784 876 1845 milla
890 1787 962 1847 bina

231 1868 396 1929 Menstrua
409 1887 529 1950 perque
545 1887 652 1929 omnes
666 1870 826 1950 praestitit
839 1868 895 1931 illa
910 1869 995 1950 dies,

189 1952 355 2034 Luxuriam
369 1959 530 2034 premeret
544 1973 613 2013 cum
628 1954 762 2014 crastina
778 1972 903 2035 semper
919 1959 1043 2034 egestas

230 2037 273 2100 Et
287 2037 370 2096 vitiis
385 2044 491 2099 essent
507 2036 606 2099 danda
622 2036 732 2099 diurna
745 2039 819 2102 tuis.
992 2039 994 2042 ’

168 2120 275 2184 51dem
290 2127 323 2181 te
337 2124 473 2184 moriens
487 2121 639 2184 heredem
654 2141 692 2183 ex
707 2141 775 2184 asse
791 2121 941 2202 reliquit:

230 2205 440 2269 Exheredavit
453 2215 502 2287 te,
523 2206 720 2285 Philomuse,
742 2213 842 2288 pater.

603 2331 654 2392 XI.

190 2444 225 2506 Si
238 2451 291 2505 tua
305 2463 364 2504 nec
378 2445 474 2506 'l'ha'ia
488 2463 547 2505 nec
561 2445 646 2506 lusca
662 2451 725 2524 est,
746 2445 876 2525 Quinte,
898 2444 1021 2526 puella,

233 2529 297 2590 Gur
311 2529 345 2588 in
359 2534 392 2588 te
406 2529 522 2588 factum
537 2527 693 2589 distichon
710 2547 780 2590 esse
795 2531 907 2609 putari

127 2627 136 2667 ,·
190 2611 255 2673 Sed
269 2611 371 2674 simile
387 2619 435 2673 ert
450 2610 582 2692 aliquid:
603 2633 661 2694 pro
676 2613 773 2674 Laide
789 2613 911 2675 Thaida
927 2614 998 2675 dixi.

233 2698 290 2757 Dic
304 2698 397 2776 mihi,
419 2697 495 2777 quid
509 2695 611 2759 simile
626 2704 675 2759 est
689 2698 785 2759 Thais
802 2705 835 2760 et
849 2699 1044 2760 Hermione?

168 2780 242 2844 5'l'u
255 2787 358 2841 tamen
373 2800 406 2842 es
422 2782 569 2859 Quintus:
591 2788 742 2844 mutemus
757 2801 871 2844 nomen
885 2785 1030 2845 amantis:

234 2865 268 2926 Si
282 2885 344 2926 non
357 2863 425 2927 vult
438 2868 570 2944 Quintus
586 2867 721 2947 Thaida,
745 2868 856 2929 Sextus
872 2874 963 2930 amet.

593 3001 658 3062 ΧΠ.

190 3112 404 3194 Unguentum,
424 3115 542 3195 fateor,
562 3117 676 3177 bonum
692 3115 808 3177 dedisti

192 3197 335 3259 convivis
348 3199 447 3277 here,
468 3198 526 3259 sed
537 3199 617 3260 nihil
632 3199 761 3263 scidisti.

79 3301 82 3305 ·
190 3282 254 3343 Res
269 3281 349 3344 salsa
363 3291 411 3344 est
425 3285 506 3344 bene
521 3282 608 3344 olere
623 3289 656 3343 et
670 3285 798 3346 esurire.

192 3368 253 3444 Qui
267 3387 329 3428 non
344 3375 434 3429 cenat
448 3373 482 3429 et
495 3369 636 3447 ungitur,
656 3366 804 3447 Fabulle,

58 3486 66 3547 p
173 3452 343 3514 bHicvere
357 3454 434 3514 mihi
447 3458 585 3514 mortuus
600 3450 779 3522 videtur„
853 3454 864 3471 '
