2370 3840
134 178 176 245 so
456 180 849 268 mvnnmsnnmnis

565 383 742 448 LXXXVII.

216 485 330 544 Narrat
344 489 393 562 te,
417 483 553 561 Chione,
574 503 696 561 rumor,
716 504 870 562 nunquam
885 501 955 543 esse
968 481 1104 544 fututam

257 568 361 646 Atque
375 566 452 626 nihil
468 585 567 626 cunno
583 568 690 646 purius
706 586 775 628 esse
789 577 853 627 tuo.

217 651 316 711 Tecta
333 657 435 711 tamen
451 670 512 709 uon
526 651 600 727 hac,
625 671 683 730 qua
697 651 817 730 debes,
835 655 926 731 parte
938 650 1069 711 lavarist

258 735 292 795 Si
305 733 406 813 pudor
423 740 487 813 est,
507 734 643 793 transfer
659 733 795 814 subligar
808 737 842 795 in
855 735 975 795 faciem.

558 859 747 922 LXXXVIII.

216 969 295 1031 Sunt
309 973 424 1050 gemini
437 972 568 1049 iratres,
592 971 712 1032 diversa
726 971 783 1032 sed
797 973 923 1050 inguina
935 972 1068 1052 liugunt.
1172 1001 1176 1006 ·

257 1056 376 1135 Dicite,
399 1054 563 1115 dissimiles
579 1062 651 1116 sunt
664 1057 776 1136 magis,
797 1076 835 1116 an
850 1054 988 1117 similest

568 1180 732 1242 LXXXIX.

214 1282 313 1343 Utere
326 1279 457 1341 lactucis
472 1289 505 1341 et
518 1280 663 1342 mollibus
677 1285 767 1342 utere
781 1280 902 1342 malvis:

256 1367 332 1426 Nam
347 1366 460 1426 faciem
475 1365 600 1445 durum,
621 1366 766 1444 Phoebe,
791 1369 924 1426 cacantis
937 1368 1043 1427 habes.

618 1490 683 1552 XC.

215 1599 307 1681 Vult,
329 1621 391 1661 uon
404 1601 471 1663 volt
486 1601 560 1663 dare
575 1599 666 1662 Galla
679 1604 772 1680 mihi,
793 1622 851 1663 nec
867 1603 973 1665 dicere
987 1626 1129 1689 possum,

256 1685 346 1763 Quod
360 1684 426 1746 volt
441 1692 474 1746 et
488 1706 551 1746 non
565 1685 645 1765 volt,
665 1685 740 1765 quid
754 1688 813 1747 sibi
828 1687 916 1749 Galla
931 1688 1016 1753 velit.

611 1799 690 1862 xci.

216 1897 429 1978 competeret
443 1900 562 1978 patriae
579 1898 730 1958 missicius
745 1918 815 1959 arva
828 1899 1009 1980 Ravennae,

257 1981 408 2043 Semiviro
423 1982 556 2062 Cybeles
572 2003 638 2043 cum
653 2000 747 2061 grege
764 1984 863 2042 iunxit
876 1984 947 2045 itor.

213 2066 294 2126 Huic
309 2085 412 2127 eomes
426 2068 576 2127 haerebat
590 2065 706 2126 domini
718 2067 864 2144 fugitivus
877 2066 1017 2130 Achillas

256 2150 387 2230 Insigni
399 2152 499 2211 forma
513 2153 712 2231 nequitiaque
723 2170 812 2231 puer,
999 2168 1003 2175 ·

192 2234 286 2295 5Hoe
300 2234 425 2295 steriles
441 2255 569 2296 ssenere
585 2237 660 2295 viri:
684 2256 743 2314 qua
756 2242 846 2313 parte
863 2238 991 2296 cubaret

256 2320 431 2398 Quaerunt,
452 2319 508 2380 sed
520 2321 632 2379 tacitos
649 2321 745 2379 sensit
760 2326 793 2379 et
810 2317 866 2378 illc
881 2317 979 2384 dolos.

213 2401 385 2481 Mentitur,
409 2403 555 2463 creduut:
579 2405 676 2462 somni
690 2407 762 2483 post
777 2405 847 2462 vina
860 2411 1026 2483 petuntur:

256 2485 409 2545 Continuo
427 2487 544 2546 ferrum
558 2489 647 2546 noxia
664 2490 754 2547 turba
769 2489 852 2567 rapit

212 2568 427 2649 Exciduntque
442 2589 564 2649 senem,
586 2569 722 2651 spondae
737 2577 909 2653 comperte
925 2573 1062 2651 iaceret;

172 2663 206 2714 10
253 2652 392 2733 Namque
406 2674 485 2735 puer
498 2655 604 2735 pluteo
618 2655 740 2716 vindice
754 2662 839 2716 tutus
855 2662 930 2716 erat.

213 2736 408 2818 Suppositam
424 2739 576 2819 qnondam
590 2740 669 2800 fama
685 2748 735 2800 est
747 2760 804 2821 pro
818 2742 938 2819 virgine
951 2760 1091 2825 cervam,

253 2821 296 2881 Aa
310 2841 390 2883 nunc
404 2844 461 2904 pro
478 2843 568 2885 cervo
584 2823 720 2884 mentula
737 2827 895 2906 supposita
911 2832 967 2886 est.

602 2951 692 3013 xcii.

212 3048 256 3108 Ut
269 3048 370 3127 patiar
384 3050 559 3128 moechum,
578 3057 667 3129 rogat
680 3071 773 3130 uxor,
796 3049 905 3130 Galle,
927 3050 1101 3117 sedunum.

253 3133 334 3191 Huic
349 3151 406 3210 ego
420 3153 483 3192 non
498 3132 602 3194 oculos
618 3154 711 3214 eruo,
734 3133 840 3214 Galle,
864 3135 964 3196 duos?

593 3247 697 3309 xciii.

214 3340 290 3402 Gom
305 3344 363 3405 tibi
377 3347 513 3405 trecenti
528 3345 687 3426 consules,
710 3347 897 3430 Vetustilla,

211 3424 253 3486 Et
268 3432 333 3487 tres
348 3429 451 3509 capilli
468 3436 673 3512 quattuorque
689 3433 751 3493 sint
768 3432 895 3514 dentes,

102 3508 182 3620 ἱ
