2370 3840
323 205 662 268 EPIGRAMMATON
678 206 752 268 LIB.
771 206 820 268 111.
1047 205 1089 270 61

547 407 595 468 111.

122 524 312 604 [Formosam
325 522 438 584 faeiem
451 523 540 600 nigro
556 520 758 582 medicamine
774 522 872 601 celas,

174 607 238 670 Sed
251 628 314 669 non
325 608 461 667 formoso
478 625 610 686 corpore
625 606 724 668 laedis
740 627 840 685 aquas.

131 693 231 775 Ipsam
247 692 342 754 crede
357 689 447 750 deam
459 691 563 751 verbis
577 692 636 752 tibi
652 690 757 752 dicere
772 693 904 752 nostris:

174 779 258 856 „Aut
274 777 361 859 aperi
375 774 503 853 faciem,
526 780 578 834 aut
591 777 727 837 tunicata
740 773 852 855 lava.“]

543 926 595 989 IV.

133 1043 260 1104 Romam
275 1043 369 1121 vade,
388 1042 491 1104 liber:
513 1046 556 1122 si,
578 1045 702 1104 veneris
716 1041 816 1122 unde,
837 1042 995 1121 requiret,

174 1125 327 1188 Aemiliae
342 1127 428 1189 dices
443 1127 483 1189 de
497 1130 627 1208 regione
642 1130 718 1191 viae.

133 1212 183 1292 Si,
206 1215 317 1293 quibus
331 1214 365 1273 in
376 1215 492 1292 terris,
515 1234 574 1292 qua
587 1215 681 1274 simus
695 1214 728 1272 in
743 1213 821 1271 urbe
840 1211 978 1290 rogabit,

175 1296 303 1358 Corneli
317 1297 437 1358 referas
452 1316 501 1358 me
516 1296 593 1358 licet
608 1316 676 1359 esse
690 1298 783 1357 Foro.

46 1435 49 1439 .
91 1402 94 1405 ·
111 1381 200 1444 50ur
215 1382 326 1459 absim,
349 1389 496 1460 quaeret:
516 1384 655 1443 breviter
668 1389 703 1442 tu
716 1379 812 1441 multa
826 1381 943 1441 fatere:

175 1463 265 1542 „Non
279 1471 404 1545 poterat
417 1485 512 1526 vanae
528 1465 630 1526 taedia
646 1467 733 1526 ferre
748 1465 871 1544 togae.“

134 1547 284 1628 „Quando
301 1549 431 1610 veniti“
447 1550 549 1610 dicet:
567 1557 602 1611 tu
616 1546 823 1630 respondeto:
844 1551 964 1627 „Poeta

174 1633 318 1694 Exierat:
339 1635 461 1713 veniet,
484 1653 553 1694 oum
568 1632 764 1694 citharoedus
781 1633 875 1695 erit.“

551 1769 590 1833 V.

133 1881 190 1945 Vis
206 1879 414 1944 commendari
429 1885 560 1945 sinemo
575 1904 719 1945 cursurus
733 1886 767 1944 in
780 1886 907 1962 urbem,

174 1966 273 2028 Parve
286 1966 385 2044 liber,
406 1967 528 2046 multis,
551 1971 677 2030 auratis
691 1988 769 2029 unus
783 1968 866 2029 erit‘i

116 2050 219 2111 -Urrus
237 2051 314 2128 erit,
336 2052 539 2130 mihicrede,
562 2055 653 2131 satis,
677 2055 802 2131 coinon
815 2054 878 2135 eris
893 2052 1024 2132 hospes,

175 2132 287 2213 Iulius,
309 2134 464 2196 assidam
479 2154 593 2196 nomen
607 2139 640 2196 in
654 2157 710 2197 ore
727 2156 805 2198 meo.

113 2216 281 2280 fiProtinus
292 2221 374 2280 huno
387 2223 507 2300 primae
523 2240 654 2300 quaeres
670 2223 702 2281 in
716 2221 822 2282 limine
839 2222 972 2281 'Peotaer

177 2304 261 2379 Quos
275 2305 377 2365 tenuit
390 2305 543 2386 Daphnis,
565 2326 646 2367 nuno
660 2311 749 2367 tenet
763 2304 836 2383 ille,
853 2305 946 2366 lares.

133 2386 191 2448 Est
204 2386 253 2450 illi
269 2390 415 2468 coniunx,
438 2409 516 2469 quae
530 2397 563 2451 te
577 2391 779 2470 manibusque
794 2391 924 2470 sinuque

174 2472 334 2552 Excipiet,
356 2480 390 2533 tu
403 2473 453 2534 vel
467 2473 702 2555 pulverulentus
717 2493 778 2536 eas.
1009 2538 1011 2542 ,

133 2555 200 2615 Hos
215 2562 249 2615 tu
269 2576 325 2617 seu
338 2559 458 2637 pariter
472 2561 536 2620 sive
555 2561 634 2620 hano
647 2558 773 2621 illumve
786 2559 925 2638 priorem

93 2648 128 2702 10
175 2640 317 2717 Videris,
340 2642 400 2702 hoc
416 2642 501 2703 dioes
517 2645 664 2722 „Marcus
681 2661 772 2704 avere
785 2642 909 2719 iubet,“.

133 2724 175 2784 Et
189 2727 263 2785 satir
280 2730 345 2786 est:
368 2725 444 2787 aiios
461 2727 656 2789 commendet
671 2725 819 2808 epistola:
838 2730 948 2806 peccat

176 2809 236 2884 Qui
252 2809 526 2871 commendandum
543 2830 577 2871 se
591 2816 680 2892 putat
699 2830 768 2872 esse
783 2812 855 2872 suis.

540 2946 593 3008 vl.

133 3054 201 3116 Lux
214 3058 273 3117 tibi
286 3063 358 3137 post
369 3058 440 3119 ldus
456 3066 635 3120 numeratur
649 3060 743 3120 tertia
756 3060 873 3139 Maias,

176 3139 381 3220 Marcelline,
402 3144 465 3204 tuis
479 3145 527 3204 bis
543 3142 730 3204 celebranda
745 3145 850 3205 saeris.
973 3170 976 3174 ·

134 3222 267 3304 Imputat
281 3226 438 3287 aetherios
453 3233 540 3287 ortus
554 3229 632 3288 haee
647 3229 747 3308 prima
759 3228 899 3307 parenti,

176 3307 268 3368 Libat
282 3311 432 3370 florentes
443 3313 521 3371 haee
535 3313 594 3373 tibi
610 3314 709 3391 prima
723 3329 827 3389 genas.

113 3389 250 3469 5Magna
263 3390 341 3453 licet
353 3391 478 3454 dederit
491 3394 643 3455 iucundae
657 3413 785 3455 munera
798 3396 895 3472 vitro,

172 3473 251 3536 Pius
264 3496 422 3558 nonquam
438 3481 525 3562 patri
538 3482 704 3565 praestitit
713 3478 774 3542 iiio
788 3477 872 3541 daea.
