2370 3840
115 196 177 261 262
445 195 490 258 M.
508 195 599 257 VAL.
616 195 842 256 lllAltTlALlS

202 352 278 411 Com
295 356 397 410 tamen
412 350 544 408 instaret
559 346 709 427 „deciens
724 350 799 408 mihi
814 347 896 411 dotis
910 351 944 410 in
958 371 1034 412 auro

244 435 363 514 Sponsa
378 432 487 493 dabia“
502 431 580 493 dixi:
604 431 679 512 qnid
692 434 792 492 minus
809 452 879 494 esse
894 438 1022 516 potest?

180 520 290 597 5„Nec
305 518 422 578 futuam
438 519 573 596 quamvis
587 518 687 596 prima
702 523 735 576 te
751 524 843 578 nocte
858 521 1003 597 maritus,

243 603 420 663 Communis
436 610 538 662 tecum
553 621 611 661 nce
627 603 703 661 mihi
719 601 821 669 lectus
838 605 914 679 erit3

202 687 460 768 Complectarque
474 681 594 763 meam,
609 704 668 745 nec
683 692 716 745 tn
729 688 927 767 prohibebis,
953 690 1099 769 amicam,

242 770 394 832 Ancillam
408 772 513 831 mittcs
528 772 649 830 etmihi
664 771 745 830 iussa
760 777 850 832 tuom.

201 857 249 917 'le
266 861 427 935 spectante
443 853 529 915 dabit
544 855 632 913 nobis
646 853 759 914 lasciva
773 851 915 922 minister

160 949 193 1004 10
243 942 347 1018 Basia,
368 941 432 999 sive
448 958 549 1016 mens,
572 940 636 998 sive
653 940 715 999 erit
728 937 786 999 ille
803 946 882 1002 tuus.

200 1025 251 1085 Ad
265 1043 373 1084 cenam
387 1024 510 1100 venies,
534 1022 590 1082 sed
603 1025 648 1082 sic
664 1023 760 1084 divisa
774 1027 953 1102 recumbes,

243 1109 286 1170 Ut
301 1128 363 1168 non
378 1114 543 1186 tangantur
554 1105 649 1188 pallia
663 1114 769 1169 nostra
786 1111 856 1170 tuis.

202 1191 316 1255 Oscula
330 1213 401 1253 rara
416 1190 503 1253 dabis
517 1194 607 1252 nobis
623 1199 655 1252 et
669 1211 731 1251 non
750 1192 837 1254 dabis
852 1191 955 1267 ultro;

243 1280 307 1338 Nec
323 1279 409 1358 qnasi
423 1285 518 1358 nuptu
533 1276 635 1355 dabis,
658 1274 714 1336 sed
730 1279 817 1356 quasi
831 1285 930 1338 mater
946 1297 1029 1338 anus.

162 1374 192 1426 15
202 1363 234 1423 Si
251 1369 340 1443 potes
356 1364 415 1422 ista
428 1363 508 1442 pati,
532 1364 558 1422 si
573 1361 619 1421 nil
632 1363 776 1442 perferre
791 1381 931 1439 recusas,

242 1448 382 1507 Invenies
399 1449 499 1525 quite
516 1446 646 1525 docere,
669 1445 749 1525 Sila,
773 1446 881 1508 velit.“
942 1520 946 1526 Ι

590 1582 700 1646 XXlV.

200 1680 280 1738 Dum
294 1684 326 1738 te
341 1698 514 1759 prosequor
531 1685 564 1738 et
579 1680 701 1739 domum
715 1678 848 1757 reduco,

201 1766 317 1823 Aurem
333 1763 404 1822 dum
418 1764 476 1822 tibi
490 1770 614 1842 praesto
631 1765 797 1841 garrienti,

200 1847 242 1906 Et
257 1845 406 1927 quidquid
420 1847 558 1926 loqueris
573 1848 712 1927 facisque
727 1846 836 1926 laudo,

202 1931 284 2007 Quot
300 1951 405 1992 versus
419 1938 581 2013 poterant,
602 1931 750 2012 Labulle,
772 1932 880 1993 nasci?

178 2017 271 2076 5Hoc
288 2015 429 2077 damnum
444 2018 501 2078 tibi
516 2038 578 2078 uon
593 2016 716 2078 videtur
731 2037 817 2096 esse,

202 2099 235 2161 Si
251 2101 334 2181 qnod
348 2103 444 2162 Roma
458 2101 553 2181 legit,
576 2104 711 2183 requirit
725 2105 856 2184 hospes,

200 2186 269 2245 Non
285 2184 409 2249 deridet
424 2206 537 2267 eques,
557 2194 647 2248 tenet
658 2195 802 2265 senator,

201 2270 321 2331 Laudat
335 2271 523 2350 causidicus,
545 2281 638 2352 poeta
653 2273 768 2351 carpit,

200 2355 335 2436 Propter
351 2361 383 2416 te
397 2357 503 2437 periti
524 2356 584 2417 hoc
598 2355 746 2435 Labulle,
766 2375 872 2416 rernm
888 2356 960 2416 esti

160 2439 266 2502 10Hoc
282 2442 441 2520 qnisquam
457 2441 555 2519 terat,
574 2449 609 2500 ut
624 2442 681 2500 tibi
695 2447 818 2501 tuorum

201 2524 249 2584 Sit
264 2526 360 2585 maior
376 2544 521 2585 numerus
536 2525 760 2603 togatulorum,

199 2608 365 2669 Librorum
380 2611 455 2670 mihi
472 2610 513 2669 sit
528 2610 628 2668 minor
643 2610 803 2669 meorum?

203 2690 347 2769 Triginta
362 2712 460 2774 prope
476 2694 536 2754 iam
553 2692 662 2753 diebus
677 2713 736 2753 una
751 2701 800 2753 est

201 2775 296 2834 Nobis
316 2778 425 2856 pagina
438 2779 487 2838 vix
502 2785 636 2858 peracta.
670 2777 721 2838 Sic
736 2779 787 2855 lit,

160 2859 278 2921 locum
294 2879 406 2921 cenare
423 2861 505 2922 domi
520 2868 613 2942 pocta
625 2881 688 2922 non
702 2861 776 2924 volt.

593 2977 689 3039 XXV.

201 3071 258 3132 llla
272 3071 356 3132 salax
370 3075 513 3151 nimium,
535 3095 594 3136 nec
610 3078 715 3156 paucis
733 3083 807 3138 nota
820 3076 933 3157 puellis

244 3157 334 3218 Stare
349 3157 427 3217 Lino
444 3157 527 3220 desit
541 3160 685 3220 mentula.
715 3160 850 3240 Lingua,
871 3178 953 3222 cave.

585 3279 693 3340 xxvi.

200 3372 316 3434 Ornihi
331 3381 418 3455 grata
434 3375 538 3454 quies,
562 3395 579 3435 o
595 3374 724 3455 blanda,
748 3375 963 3456 Telesphoro,
986 3396 1079 3457 cura,

229 3457 341 3535 Qualis
357 3462 391 3522 in
407 3458 557 3546 amplexu
571 3481 636 3523 non
649 3461 712 3523 luit
727 3468 800 3532 ante
813 3477 903 3520 mcor
