2370 3840
316 181 657 244 EPIGRAMMATON
668 183 742 246 LlB.
755 183 806 247 vl.
1022 181 1084 245 139

130 337 199 397 Hoc
213 335 252 395 de
266 331 393 414 palmite
408 332 539 394 laeseris
556 351 712 412 racemos,

93 420 299 496 loNascetur,
314 416 391 478 licet
405 419 465 478 boc
480 415 556 478 velis
570 434 702 496 negare,

129 505 248 565 Inserta
261 504 318 564 tibi
331 503 408 562 ficus
423 523 441 562 a
456 519 613 581 cupressu.

550 648 586 710 L.

131 767 206 827 Cum
220 761 339 824 coleret
352 781 447 843 puros
462 779 581 842 pauper
596 760 762 824 Telesinus
778 761 907 842 amicos,

171 850 304 911 Errabat
318 845 421 926 gelida
433 843 576 906 sordidus
587 846 620 904 in
632 843 748 924 togula.

131 933 289 994 Obscenos
304 949 342 991 ex
356 950 415 1010 quo
431 930 535 1009 coepit
550 948 660 990 curare
675 930 837 1009 cinaedos,

173 1018 361 1095 Argentum,
382 1033 521 1088 mensas,
542 1012 670 1093 praedia
684 1011 767 1074 solus
781 1016 865 1078 emit.

107 1101 185 1163 ovis
199 1101 270 1161 fieri
285 1097 386 1176 dives,
407 1099 588 1177 Bithynice,
612 1099 752 1158 conscius
767 1105 844 1162 esto.

171 1183 221 1245 Nil
237 1185 294 1245 tibi
306 1182 356 1243 vel
372 1183 529 1241 minimum
542 1182 627 1241 basia
642 1201 720 1262 pura
735 1181 859 1244 dabunt.

541 1344 589 1402 Ll.

130 1457 220 1534 Quod
236 1457 404 1517 convivaris
419 1457 486 1516 sine
501 1474 550 1515 me
566 1461 628 1514 tam
644 1472 754 1535 saepe,
776 1455 936 1537 Luperoe,

175 1542 296 1619 inveni,
317 1558 444 1600 noceam
463 1559 522 1619 qua
535 1539 657 1598 ratione
673 1541 741 1599 tibi.

130 1626 265 1702 Irascor,
286 1622 363 1685 licet
378 1642 475 1703 usque
490 1642 582 1684 voces
594 1624 760 1702 mittasque
778 1642 942 1703 rogesque.

172 1709 276 1788 „Quid
295 1709 435 1770 lacies‘l“
454 1709 566 1789 inquis.
599 1706 680 1784 Quid
694 1707 827 1768 faciam?
849 1710 977 1771 ventam.

538 1868 600 1931 Lll.

131 1982 199 2041 lloc
214 1982 296 2039 iacet
309 1981 342 2039 in
356 1979 473 2040 tumulo
488 1985 594 2059 raptus
608 1979 779 2060 puerilibus
794 1984 881 2042 annis

172 2064 395 2141 Pantagathus,
415 2061 531 2122 domini
545 2082 618 2122 cura
632 2060 784 2142 dolorque
799 2067 863 2142 sui,

131 2150 192 2211 Vix
206 2152 354 2225 tangente
369 2164 461 2224 vagos
476 2145 563 2204 ierro
578 2164 723 2205 resecare
738 2145 867 2227 capillos

174 2233 289 2291 Doctus
307 2237 339 2290 et
352 2231 487 2290 hirsutas
501 2229 673 2289 excoluisse
689 2248 791 2308 genas.

107 2317 181 2378 bsis
196 2313 290 2392 licet,
312 2321 347 2374 ut
364 2313 476 2392 debes,
498 2311 609 2392 tellus,
630 2312 752 2394 placata
765 2312 923 2395 levisque,

173 2401 311 2462 Artificis
324 2399 423 2460 levior
437 2417 499 2458 non
514 2405 605 2479 potes
624 2415 693 2458 esse
708 2417 807 2460 manu.

527 2548 602 2608 Llll.

131 2663 227 2724 Lotus
240 2665 400 2723 nobiscum
414 2671 478 2741 est,
500 2663 611 2725 hilaris
625 2666 759 2744 cenavit,
781 2671 814 2726 et
827 2662 910 2724 idem

173 2747 317 2807 inventus
331 2766 420 2807 mane
436 2755 484 2809 est
498 2754 637 2809 mortuus
652 2749 858 2828 Andragoras.

133 2830 211 2890 Tam
225 2832 344 2890 subitae
359 2833 467 2892 mortis
485 2852 620 2910 causam,
642 2832 806 2912 Faustine,
827 2831 987 2913 requiris?

173 2915 207 2974 ln
224 2915 338 2975 somnis
353 2915 504 2976 medicum
519 2916 641 2976 viderat
653 2917 889 2980 Hermocraten.

529 3064 606 3127 LIV.

133 3174 251 3236 Tantos
268 3182 300 3237 et
318 3181 419 3237 tantas
437 3177 463 3236 si
479 3176 585 3237 dicere
603 3173 822 3258 Sextilianum,

175 3259 274 3340 Aule,
296 3268 400 3340 vetes,
421 3261 530 3339 iunget
543 3262 592 3320 vix
608 3261 669 3321 tria
684 3263 778 3322 verba
794 3263 898 3323 miser.

133 3343 238 3423 „Quid
252 3346 312 3405 sibi
326 3344 393 3405 vult
399 3345 437 3404 ‘l“
451 3346 563 3424 inquis.
591 3344 715 3424 Dicam,
739 3345 814 3424 quid
828 3347 968 3426 suspicer
982 3363 1069 3406 esses

175 3429 293 3489 Tantos
309 3437 342 3490 et
355 3435 455 3490 tantas
470 3427 657 3492 Sextilianus
671 3435 760 3493 amat.
