2370 3840
449 217 493 279 M.
510 216 601 280 VAL.
619 216 846 278 MARTlALlS

212 368 309 434 Venit
324 371 361 431 ab
377 368 503 451 Orpheo
518 369 617 430 cultor
631 369 830 451 Rhodopeius
840 352 981 451 ⁴Harmn,

253 453 350 518 Venit
365 461 398 514 et
413 460 506 534 epoto
523 453 661 514 Sarmata
672 461 777 535 pastus
792 473 890 536 equo,

189 539 254 601 alet
266 540 319 618 qui
330 539 429 619 prima
442 539 521 598 bibit
532 536 679 618 deprensi
693 540 818 599 flumina
829 538 911 618 Nili,

252 624 295 684 Et
307 641 397 701 quem
409 641 570 704 supremae
585 622 726 701 Tethyos
740 622 822 683 unda
832 624 925 699 lerit3

210 707 383 768 Festinavit
397 707 513 786 Arabs,
534 707 721 767 festinavere
735 706 861 786 Sabaei,

253 791 296 860 Et
311 791 424 853 Cilices
442 792 554 851 nimbis
568 791 620 851 hic
633 788 779 851 maduere
792 794 864 853 suis.
983 819 986 824 ·

214 876 359 936 Crinibus
373 876 406 934 in
418 873 532 936 nodum
548 876 625 935 torti
638 893 753 935 venere
768 874 934 952 Sicambri,

173 971 207 1022 10
256 960 358 1038 Atque
370 958 461 1025 aliter
475 961 568 1019 tortis
584 960 720 1020 crinibus
732 959 914 1041 Aethiopes.

204 1043 282 1107 ,Vox
296 1041 418 1104 diversa
432 1049 521 1103 sonat
533 1042 735 1124 populorum,
751 1049 816 1104 tum
829 1051 934 1105 tamen
946 1063 1005 1102 una
1020 1047 1085 1122 est,

256 1128 333 1188 (ium
347 1146 437 1188 verus
451 1128 571 1209 patriae
587 1127 701 1189 diceris
717 1146 786 1188 esse
799 1132 898 1209 pater.

623 1263 675 1325 lv.

215 1379 322 1440 Turba
340 1381 439 1459 gravis
453 1382 522 1461 paci
537 1379 738 1462 placidaeque
753 1380 876 1440 inimica
891 1380 1005 1459 quieti,

133 1511 137 1520 .
257 1464 342 1538 Quae
356 1482 480 1545 semper
494 1465 622 1524 miseras
639 1463 826 1525 sollicitabat
841 1482 932 1544 opes,

215 1545 345 1606 Tradita
361 1546 518 1626 Gaetulis,
533 1566 591 1608 nec
606 1551 690 1629 cepit
704 1551 821 1609 harena
834 1553 1003 1609 nocentes:

252 1631 298 1691 Et
314 1628 436 1691 delator
450 1631 545 1692 habet
560 1628 642 1708 quud
657 1630 748 1691 dabat
762 1630 894 1692 erilium.

213 1968 326 2031 Exulat
340 1968 476 2029 Ausonia
489 1968 637 2048 profugus
654 1966 774 2027 delator
789 1969 825 2028 ab
838 1969 930 2028 urbe:

255 2054 341 2113 llaec
356 2051 433 2112 licet
445 2053 594 2134 impensis
606 2053 756 2133 principis
772 2071 964 2114 annumeres.

627 2186 665 2252 V.

211 2306 350 2367 iunctam
366 2305 539 2385 Pasiphaen
553 2306 681 2365 Dictaeo
697 2303 816 2364 credite
830 2309 934 2363 tauro:

258 2387 414 2464 Vidimus,
433 2389 553 2466 accepit
566 2386 670 2446 fabula
683 2388 785 2467 prisca
799 2382 902 2448 iidem.

211 2472 279 2532 Nec
293 2489 327 2530 se
341 2472 488 2547 miretur,
504 2471 634 2547 Caesar,
652 2469 798 2548 longaeva
815 2473 965 2528 vetussta:

258 2551 416 2633 Quidquid
428 2553 508 2613 fama
523 2555 620 2632 canit,
639 2558 778 2634 praestat
792 2553 908 2612 harena
921 2551 988 2611 tibi.

618 2688 670 2750 Vl.

214 2802 356 2885 belliger
370 2806 493 2866 invictis
508 2802 591 2884 quod
604 2805 690 2866 Mars
701 2805 759 2866 tibi
777 2804 874 2866 servit
889 2805 921 2864 in
937 2803 1046 2882 armis,

255 2889 324 2950 Non
339 2890 412 2951 satis
426 2896 490 2969 est,
511 2889 642 2967 Caesar,
662 2891 758 2951 servit
772 2890 884 2970 etipsa
898 2887 1013 2953 Venus.

214 3224 408 3286 l’rcstratum
422 3231 505 3286 vasta
518 3225 651 3286 Nemees
662 3227 693 3285 in
709 3224 789 3287 valle
802 3223 926 3285 leonem
1022 3239 1024 3244 ·

257 3307 369 3370 Nobile
390 3314 423 3369 et
440 3308 627 3371 Herculeum
644 3310 724 3370 lama
741 3311 869 3369 canebat
885 3328 970 3390 opus.

216 3393 323 3455 l’rirea
336 3391 415 3454 tides
429 3398 546 3455 taceat:
569 3413 638 3454 nam
651 3400 723 3475 post
736 3400 789 3455 tua
803 3412 946 3472 munera,
968 3391 1100 3470 caesar,

253 3477 326 3538 Hoc
337 3479 397 3539 ism
411 3479 547 3540 femineo
564 3523 939 3544 ........
