2370 3840
307 213 826 279 EP1GRAMMATONL113.V111.
1027 213 1089 281 179

177 367 211 426 ln
228 387 286 445 que
300 385 359 426 nee
373 368 489 427 Boreas
503 366 571 444 ipse
587 383 711 424 munere
726 365 809 426 velit.

135 450 187 511 Sic
201 451 341 510 hahitare
356 452 443 510 iubes
458 459 596 509 veterem
612 446 747 508 erudelis
762 451 911 511 amicum?

175 535 306 594 Arboris
321 552 395 612 ergo
411 540 481 594 tuae
496 533 592 592 tutior
608 533 721 612 hospes
736 550 799 592 ero.

533 665 601 727 XV.

134 781 212 839 Dum
225 799 303 839 nove
317 779 486 839 Pannonici
499 783 679 838 numeratur
692 773 792 854 glutis
805 777 881 840 belli

177 864 284 924 Omnis
299 869 332 922 et
349 862 387 922 sd
401 861 560 922 Reducem
576 860 647 921 dum
660 860 731 921 litut
744 881 796 920 aru
810 863 926 942 iovem,

134 948 194 1007 Dat
210 944 358 1027 populus,
382 945 435 1006 dut
446 952 550 1024 gratus
565 964 678 1024 eques,
700 943 754 1005 dat
767 951 838 1006 turs
851 955 976 1009 senatus
1081 988 1091 1003 .

175 1031 217 1091 Et
231 1029 331 1090 ditant
344 1030 447 1090 Lutius
463 1031 556 1091 tertia
571 1029 651 1090 dona
664 1029 779 1089 trihus:

113 1115 205 1176 illos
220 1132 342 1193 quoque
358 1120 497 1174 secretos
509 1113 692 1174 memorabit
705 1113 801 1173 Romu
815 1114 1004 1198 triumphus,

176 1199 241 1258 Nee
259 1199 359 1258 minor
372 1199 432 1259 istu
446 1204 517 1259 tuae
532 1195 639 1257 laurea
652 1197 737 1277 pacis
752 1198 829 1277 erit,

136 1280 225 1359 Quod
239 1283 297 1342 tibi
310 1281 349 1342 de
366 1287 470 1342 sanctu
485 1280 587 1342 eredis
601 1281 719 1360 pietate
733 1285 864 1343 tuorum.

177 1366 332 1444 Principis
347 1373 397 1425 est
412 1367 510 1425 virtus
525 1365 668 1441 maxima,
687 1380 779 1423 nesse
795 1383 874 1425 suos.

528 1497 609 1560 XVI.

134 1612 239 1671 Pistor
254 1609 306 1689 qui
320 1608 425 1670 fueras
439 1609 508 1689 (liu,
532 1610 672 1689 cypere,

135 1695 248 1755 Causas
265 1712 346 1754 nnnc
361 1695 425 1773 agis
441 1703 475 1757 et
489 1693 607 1754 ducena
622 1693 761 1772 quaeris:

136 1777 199 1838 Sed
217 1780 368 1838 consumis
384 1784 527 1860 eiusque
541 1778 698 1839 mutuaris.

134 1863 162 1921 A
176 1863 311 1944 pistore,
334 1862 473 1942 cypere‚
494 1883 557 1923 non
570 1860 709 1922 recedisz

114 1945 178 2007 ulit
191 1963 302 2026 punem
319 1946 396 2005 fucis
410 1953 443 2006 et
456 1948 533 2007 fucis
547 1946 685 2006 ferinum.

522 2092 615 2156 xvii.

135 2204 211 2283 Egi,
233 2204 347 2280 Sexte,
369 2209 467 2281 tuam,
489 2211 596 2283 paetus
612 2204 671 2265 duo
686 2204 786 2283 milia,
808 2222 938 2264 causum.
1042 2270 1044 2275 ,

178 2288 294 2349 Misisti
309 2306 448 2348 nummos
464 2287 547 2367 quod
563 2289 640 2348 mihi
654 2286 758 2366 mille,
779 2286 852 2368 quid
868 2284 940 2347 est?

136 2372 297 2451 „Narrusti
311 2369 412 2431 nihil“
432 2373 535 2452 inquis
552 2379 607 2450 „et
621 2393 638 2431 ι
652 2378 685 2432 te
700 2371 823 2453 perdita
837 2388 927 2431 eausa
942 2367 1024 2430 est.“

179 2455 280 2516 Tanto
295 2454 365 2536 plus
381 2454 494 2534 debes,
516 2456 627 2536 Sexte,
649 2456 733 2536 quod
747 2456 867 2517 erubui.

522 2590 631 2654 xviii
691 2616 695 2623 ¹
719 2617 720 2620 ¹

138 2701 171 2761 Si
188 2707 256 2781 tue,
276 2703 407 2782 (imni,
428 2723 552 2783 promus
567 2705 786 2784 epigrammata
798 2699 905 2781 volgo,

178 2783 237 2847 Vei
252 2804 370 2846 meeum
384 2788 500 2865 possis,
522 2785 572 2847 vel
585 2789 673 2868 prior
686 2789 754 2866 ipse
768 2784 842 2865 legi.

137 2866 201 2929 Sed
217 2869 275 2928 tibi
288 2874 392 2928 tuntus
406 2871 488 2931 inest
501 2872 617 2931 veteris
631 2876 793 2950 respectus
808 2867 913 2948 amici,

180 2952 290 3012 Carior
303 2957 339 3012 ut
353 2970 421 3012 meu
434 2954 493 3031 sit,
516 2973 605 3034 quem
619 2960 672 3014 tun
685 2954 765 3014 famu
779 2954 845 3015 tibi.

113 3036 188 3097 nSie
203 3037 292 3098 Μιιο
306 3053 365 3096 nec
380 3035 504 3098 Calabri
517 3039 678 3117 temptavit
692 3039 826 3115 carmina
836 3033 959 3114 Flacci,

178 3119 360 3180 Pindsrieus
373 3127 480 3180 nosset
494 3141 562 3181 eum
576 3139 724 3200 superare
738 3120 864 3200 modos,

135 3203 177 3264 Et
191 3203 285 3265 Vario
301 3204 396 3265 cessit
408 3204 538 3265 Romani
550 3202 644 3266 laude
659 3206 818 3284 cothurni,

179 3287 256 3348 (ium
269 3293 381 3369 posset
390 3290 508 3368 tragico
522 3289 635 3350 fortius
649 3308 704 3350 ore
718 3287 816 3368 loqui.

137 3370 253 3432 Aurum
269 3379 302 3432 et
315 3391 391 3452 opes
405 3378 439 3433 et
451 3391 524 3434 rurs
538 3373 688 3455 frequens
703 3372 835 3433 duuunii
845 3369 1000 3429 misus,

93 3463 129 3519 10
177 3455 235 3531 Qui
253 3454 328 3517 uelit
340 3457 466 3538 ingenio
484 3457 625 3561 cedere,
645 3477 743 3522 tusus
756 3457 837 3518 etii.
849 3528 926 3596 ss*
