2370 3840
120 176 183 244 154
441 173 486 235 M.
505 172 596 236 VAL.
612 169 837 232 MARTIALIS

204 330 243 391 Di
256 329 414 404 facerent,
436 330 470 385 ut
486 331 521 384 tu
534 323 712 403 loquereris
730 331 762 385 et
777 322 835 384 ille
849 329 985 384 taceret:

247 410 398 473 Offendor
413 410 505 469 cunni
519 409 700 489 garrulitate
714 411 770 472 tui.

203 495 326 557 Pedere
341 502 374 554 te
389 492 516 554 vellem:
539 513 670 572 namque
683 494 743 553 hoc
758 512 816 552 nec
829 491 941 552 inutile
956 490 1034 552 dicit

163 594 199 646 ιο
248 580 445 661 Symmachus
459 583 492 637 et
507 580 602 638 risum
617 598 669 638 res
688 584 791 637 movet
805 579 865 636 ista
879 575 985 637 semel.

205 666 280 742 Quis
295 664 399 724 ridere
414 669 519 742 potest
532 663 609 721 fatui
623 668 824 742 poppysmata
839 661 952 720 cunni?

247 750 324 809 Cum
338 752 426 808 sonat
441 747 507 823 hic,
528 747 577 805 cui
594 766 656 805 non
671 746 806 806 mentula
820 763 968 823 mensque
986 740 1091 803 cadit‘l

86 876 88 881 ι
204 834 260 894 Dic
277 831 394 912 aliquid
407 829 516 890 saltem
531 827 726 909 clamosoque
741 832 888 908 obstrepe
903 847 1020 905 cunno,

245 917 288 977 Et
301 918 328 976 ai
342 914 419 975 adeo
435 919 518 973 muta
532 933 582 992 es,
606 913 690 974 disce
705 914 756 975 vel
768 913 842 973 inde
856 910 953 993 loqui.

602 1048 683 1109 XIX.

203 1165 422 1241 Fragmentum
437 1160 520 1240 quod
533 1158 596 1220 vile
610 1166 700 1241 putas
715 1165 749 1220 et
762 1155 873 1219 inutile
886 1157 1021 1237 lignum,

246 1248 332 1308 Haec
346 1247 406 1306 fuit
419 1247 518 1325 ignoti
531 1247 631 1327 prima
646 1245 749 1304 carina
762 1244 872 1321 maris,

208 1333 304 1409 Quam
318 1350 376 1392 nec
391 1333 532 1410 Cyaneae
549 1329 701 1409 quondam
717 1334 848 1408 potuere
860 1328 971 1387 ruinae

245 1417 404 1495 Frangere
419 1435 478 1475 nec
493 1416 631 1494 Scythici
648 1415 770 1475 tristior
783 1414 830 1473 ira
844 1412 930 1471 freti.

183 1497 337 1562 5Saecula
351 1501 509 1558 vicerunt:
532 1498 588 1558 aed
604 1500 738 1576 quamvis
754 1497 885 1556 cesserit
900 1495 1002 1574 annis,

252 1583 397 1643 Sanctior
413 1588 463 1642 eat
477 1580 559 1642 salva
572 1601 666 1661 parva
681 1579 796 1639 tabella
810 1586 887 1639 rate.

605 1714 673 1776 XX.

205 1823 291 1887 Nihil
306 1831 355 1885 est
369 1825 511 1885 miserius
527 1843 630 1904 neque
645 1823 780 1904 gulosius
796 1823 916 1886 Santra.

204 1910 332 1971 Rectam
346 1915 470 1969 vocatus
487 1929 555 1969 cum
571 1911 708 1970 cucurrit
722 1908 762 1969 ad
777 1927 900 1986 cenam,

179 1994 183 1999 ’
207 1995 303 2071 Quam
315 1999 363 2055 tot
377 1992 486 2054 diebus
501 1990 705 2073 noctibusque
720 1994 867 2074 captavit,

199 2078 274 2139 -Ter
287 2079 388 2159 poscit
402 2079 469 2157 apri
483 2076 661 2158 glandulas,
685 2086 794 2159 quater
807 2077 961 2156 lumbum,

185 2163 251 2225 ont
262 2169 423 2242 utramque
439 2183 542 2224 coxam
555 2163 674 2245 leporis
689 2171 722 2223 et
737 2163 814 2223 duos
830 2180 946 2239 armos,

206 2248 272 2308 Nec
286 2248 443 2308 erubescit
456 2249 600 2329 peierare
618 2247 656 2309 de
672 2247 765 2308 turdo

205 2332 249 2392 Et
262 2338 435 2392 ostreorum
450 2351 561 2413 rapere
575 2330 688 2393 lividos
704 2333 812 2391 cirros.

205 2415 312 2474 Dulcis
325 2414 467 2495 placenta
484 2416 640 2476 sordidam
655 2415 727 2475 linit
741 2432 889 2494 mappam.

204 2498 273 2559 illic
288 2506 321 2559 et
334 2519 409 2559 uvae
425 2498 614 2562 collocantur
629 2498 759 2576 ollares,

163 2583 245 2647 1ont
258 2582 443 2644 Punicorum
456 2603 552 2663 pauca
565 2602 660 2662 grana
675 2581 839 2659 malorum,

205 2669 248 2727 Et
262 2673 423 2727 excavatae
438 2667 528 2748 pellis
543 2665 694 2726 indecens
708 2665 833 2743 volvae,

208 2751 252 2811 Et
264 2749 349 2829 lippa
362 2752 438 2811 ficus
455 2750 628 2831 debilisque
643 2748 776 2812 boletus.

208 2832 271 2894 Sed
286 2853 395 2914 mappa
409 2856 477 2895 cum
491 2837 550 2895 iam
564 2835 651 2897 mille
665 2837 818 2915 rumpitur
831 2833 942 2912 furtis„

206 2917 305 2977 Rosos
319 2922 440 2997 tepenti
455 2920 622 2999 spondylos
639 2922 708 2981 sinu
723 2918 830 2981 condit

165 3001 247 3063 rant
262 2999 408 3062 devorato
421 3006 521 3083 capite
537 3011 690 3065 turturem
704 3011 856 3066 truncum.

208 3083 366 3163 Colligere
380 3083 473 3165 longa
488 3095 579 3170 turpe
593 3109 653 3150 nec
666 3095 755 3170 putat
770 3088 879 3149 dextra

206 3168 355 3229 Analecta
370 3170 519 3248 quidquid
533 3183 566 3233 et
580 3193 671 3234 canes
685 3173 890 3254 reliquerunt.

207 3254 273 3314 Nec
288 3250 447 3314 esculenta
465 3257 581 3316 sufficit
595 3258 686 3336 gnlac
701 3256 835 3338 praeda,

205 3338 304 3399 Mixto
318 3336 457 3417 lagonam
471 3337 577 3421 replet
590 3340 629 3401 ad
642 3341 740 3422 pedes
757 3343 837 3402 vino.

162 3423 291 3485 20Haec
304 3441 363 3505 per
378 3421 524 3485 ducentas
537 3443 605 3485 cum
619 3424 741 3486 domum
754 3423 829 3486 tulit
842 3418 940 3484 scalas
