2370 3840
100 223 164 290 ³40

424 221 470 284 M.
484 219 577 283 VAL.
594 215 821 280 MARTIALIS

191 425 383 488 CLXXXIV.
404 424 565 484 Homerue
580 424 613 483 in
622 420 837 501 pugillaribus
850 423 1070 489 membrum

183 525 255 588 Ilico
270 533 303 587 et
315 525 431 586 Priami
445 522 552 602 reguis
565 521 708 581 inimicus
721 518 829 580 Ulixes

225 608 396 691 Multiplici
411 609 531 689 pariter
546 604 670 666 condita
683 602 767 684 pelle
780 601 892 665 latent

394 729 573 803 CLXXXV.
602 737 723 818 Vergili
738 736 847 799 Culex.

182 843 299 924 Accipe
314 840 440 903 facundi
454 839 611 915 Culicem,
632 835 789 913 studione,
810 836 978 920 Maronis,

224 928 272 988 Ne
285 927 414 985 nucibus
429 925 540 1005 poeitIo
554 942 638 983 arma
653 921 814 999 virumque
827 917 932 1000 legas.

305 1056 496 1120 ccxxxvi.
524 1054 682 1137 Vergilias
695 1055 730 1115 a
743 1054 948 1116 memorarer.

186 1161 283 1238 Quam
297 1159 401 1218 brevis
415 1159 596 1216 Immensum
613 1155 698 1234 cepit
712 1156 890 1215 membrana
903 1157 1101 1226 Maronem!

226 1245 326 1324 Ipsius
340 1240 441 1302 voltu·
455 1241 555 1320 prIma
567 1236 684 1298 tabella
698 1239 788 1317 gerit.

356 1373 559 1437 CLXXXVII.
581 1366 791 1452 Μενάνδρου
805 1363 897 1444 eries.

183 1479 250 1539 Hac
265 1477 397 1559 primum
413 1477 555 1535 iuvenum
571 1472 702 1535 lasciuoa
716 1473 793 1536 lucit
804 1492 948 1552 amorec;

225 1561 290 1621 Nec
306 1559 440 1638 Glycera
454 1559 561 1639 pueri,
584 1558 681 1618 Thais
698 1560 794 1619 amica
807 1558 885 1650 fuit.

311 1690 531 1753 CLXXXVIII
558 1691 665 1753 Cicero
679 1695 712 1752 in
725 1692 925 1753 membranis.

184 1794 219 1857 Si
233 1811 336 1854 comes
349 1793 409 1851 iata
423 1791 481 1850 tibi
494 1791 593 1851 fucrit
606 1793 799 1871 membrana,
820 1797 931 1872 putato

227 1878 366 1958 Carpere
379 1880 413 1935 te
429 1872 538 1954 longae
553 1895 621 1937 cum
639 1877 793 1937 Cicerone
806 1878 880 1936 viae.

335 2009 525 2072 CLXXXIX.
549 2010 738 2072 Monodibloa
753 2008 908 2090 Properti.

183 2113 318 2196 Cynthia
330 2112 455 2173 facundi
470 2127 594 2172 carmen
607 2112 748 2173 iuvenale
762 2112 912 2191 Properti

225 2198 356 2278 Accepit
370 2197 495 2256 famam:
512 2216 575 2256 non
588 2197 688 2256 minua
701 2197 769 2276 ipsa
783 2192 880 2255 dedit.

331 2329 420 2390 CXC.
449 2329 537 2389 litua
553 2327 660 2389 Lioiue
674 2331 706 2389 in
720 2329 915 2391 membranis.

181 2428 320 2490 Pellibus
336 2428 452 2507 exiguis
467 2432 585 2487 artatur
598 2427 703 2488 Livius
716 2429 842 2507 ingena,

224 2514 322 2591 Quem
337 2531 405 2572 mea
419 2531 481 2571 non
498 2517 594 2571 totum
609 2510 800 2572 bibliotheca
814 2513 905 2593 capit.

467 2625 571 2686 CXCI.
593 2625 778 2689 Sallustius.

181 2727 242 2787 Hic
257 2729 334 2806 orii,
354 2734 389 2788 ut
401 2729 570 2809 perhibent
585 2727 746 2790 doctorum
762 2729 855 2791 corda
869 2730 1033 2816 uirorum,

223 2812 344 2871 Primus
360 2812 638 2898 Romena'Criepue
652 2814 684 2872 in
702 2815 842 2874 historia.

240 2942 357 3004 CXCII.
382 2946 473 3006 Ovidi
487 2944 743 3028 Metamorpdoaia
756 2950 790 3007 in
804 2949 1008 3015 membranis.

125 3064 134 3084 ·
180 3048 266 3109 Ilaec
279 3047 338 3106 tibi
353 3046 518 3128 multIpIici
534 3069 612 3128 quae
627 3055 746 3111 structa
760 3057 809 3112 est
821 3070 921 3113 macra
934 3055 1080 3140 tabella,

224 3131 368 3192 Carmina
381 3130 510 3192 Neronis
523 3136 658 3212 quiuque
673 3133 843 3213 decemque
857 3137 949 3215 gerit.

465 3265 596 3328 CXCIII.
625 3269 773 3330 diducitur.

178 3361 266 3424 [lacit
279 3370 445 3425 amatorem
460 3363 601 3426 Nemesis
615 3365 729 3429 lasciva
743 3366 920 3450 Tibullum,

215 3447 251 3510 Iu
268 3453 334 3512 tota
349 3450 427 3512 iuvit
442 3467 535 3514 ouem
547 3448 630 3511 nihii
642 3471 712 3514 erac
727 3452 829 3515 domo.
