2370 3840
289 180 630 244 EPIGRAMMATON
643 180 718 242 LlB.
737 181 817 246 XIV.
1015 181 1080 247 327

386 384 464 447 LIV.
490 383 731 470 Crepitacillum.

10 577 12 581 Ι
122 499 156 560 Si
171 499 240 577 quit
254 496 395 580 plorator
410 495 492 558 oollo
507 498 564 558 tihi
579 496 706 557 vernula
720 494 867 576 pendet‚'

162 583 249 643 Haeo
265 583 382 662 quatiat
396 588 505 642 tenera
519 580 644 660 garrula
658 581 752 641 sistra
765 600 865 659 mann.

417 716 482 779 LV.
503 715 698 798 Flagellum.

119 814 270 874 Proficies
285 813 364 875 nihil
378 815 438 874 hoo
454 812 564 874 caedar
577 810 655 872 licet
670 829 767 891 usque
782 809 925 890 flagello,

162 897 196 958 Si
209 899 268 958 tihi
280 917 445 979 purpureo.
454 897 494 958 de
508 916 604 976 grege
619 897 718 957 onrrit
732 913 838 975 equus.

388 1033 466 1096 LVI.
490 1027 738 1109 Dantisrtn'mm.'

121 1126 203 1205 Quid
218 1149 338 1193 meonm
352 1137 401 1192 eat
414 1132 496 1191 tihi?
526 1131 581 1191 Me
596 1128 700 1210 puella
715 1134 822 1189 sumat.

118 1213 247 1294 Emptos
261 1236 324 1276 non
340 1214 426 1277 soleo
441 1214 543 1296 polire
558 1215 679 1275 dantes.

372 1350 466 1412 LVII.
490 1348 737 1428 Myrobalanum.

121 1445 211 1520 Quod
226 1466 285 1508 neo
300 1447 474 1527 Vergilius,
496 1465 555 1506 neo
568 1448 704 1506 carmina
719 1445 796 1506 dicit
808 1446 992 1521 Homerus,v

160 1530 229 1589 Hoc
245 1550 282 1591 ex
295 1537 451 1610 unguento
468 1537 589 1591 constat
602 1537 635 1591 et
651 1549 689 1590 ax
702 1527 823 1590 bolano.

372 1664 477 1727 LVIII.
501 1665 737 1746 Aphronitrum.

120 1761 265 1824 Rusticus
278 1763 335 1823 ea?
355 1765 474 1841 neseis,
498 1761 572 1842 qnid
588 1763 708 1824 Graeco
723 1764 847 1825 nornine
864 1760 965 1823 dicar:

160 1846 273 1927 Spuma
287 1863 380 1909 vocor
395 1849 480 1908 nitri.
511 1848 649 1909 Graoona
663 1847 721 1911 es?
743 1847 964 1927 aphronitrum.

394 1979 472 2042 LIX.
499 1983 714 2061 Opobalsama.

118 2073 257 2137 Baltama
270 2095 320 2137 ma
335 2078 475 2156 capiunt,
496 2078 574 2138 haec
589 2084 661 2138 sunt
675 2081 829 2155 unguenta
841 2076 993 2152 virorum3

86 2178 96 2188 ²
160 2158 295 2221 Delicias
307 2161 411 2223 Goami
423 2181 477 2222 voa
490 2160 650 2239 reddata,
672 2179 778 2220 nurus.

416 2295 479 2357 LX.
500 2295 699 2357 Lomentum.

121 2393 252 2454 Gratum
268 2413 376 2454 munna
392 2396 454 2454 erit
469 2395 565 2455 ocioso
580 2414 637 2455 noo
652 2391 763 2455 inutiIe
776 2393 895 2469 ventri,

162 2476 196 2536 Si
211 2475 296 2539 clara
311 2478 462 2558 Stephani
475 2478 587 2540 balnea
599 2477 671 2539 luca
684 2482 783 2559 poteo.

361 2612 440 2678 LXI.
462 2612 604 2674 Laterna
619 2632 742 2675 cornea.

120 2707 186 2767 Dux
204 2704 325 2771 laterna
339 2711 407 2772 viae
422 2709 516 2771 clusit
531 2711 618 2770 feror
634 2727 727 2770 aurea
739 2708 867 2768 flammis

161 2792 202 2859 Et
217 2796 284 2853 tnta
299 2798 349 2855 oat
361 2797 479 2871 gremio
493 2815 587 2873 parva
599 2792 728 2853 lucerna
742 2811 821 2852 meo.

337 2925 427 2991 LXII.
449 2900 593 2988 Laterna
608 2927 647 2988 da
660 2929 771 2989 oetion.

120 3023 242 3083 Cornea
256 3024 283 3082 ai
296 3041 359 3082 non
372 3043 454 3101 anm,
477 3023 625 3102 numquid
642 3044 708 3085 anm
721 3023 861 3084 iuaoIori
875 3028 928 3082 ant
941 3036 1015 3083 me*-

160 3106 303 3169 Veaicam
319 3113 426 3186 contra
442 3109 495 3186 qui
509 3109 594 3168 venit
609 3126 679 3183 osae
692 3108 804 3188 putati

426 3240 530 3303 LXIII.
553 3242 690 3304 Bitiam.

119 3335 202 3411 Quid
214 3356 264 3397 mo
279 3344 467 3419 compactam
483 3341 564 3400 ceria
579 3345 613 3400 et
626 3339 799 3400 harundine
814 3335 923 3397 rideat

161 3421 245 3497 Quae
260 3423 392 3504 primum
406 3429 523 3485 structa
537 3429 586 3485 est
601 3422 721 3502 fistula,
743 3420 816 3483 talia
832 3425 909 3482 arat.
