2370 3840
324 186 667 249 EPIGRAMMATON
679 188 752 250 LlB.
768 189 819 252 lX.
1034 187 1096 255 217

181 343 342 402 Murmure
354 341 414 400 iam
429 359 518 401 saero
533 341 776 419 verberibusque
791 347 889 406 tonas.

117 426 221 490 bTam
237 445 327 504 grave
342 427 498 505 percussis
513 424 675 484 incudibus
690 443 762 484 aera
776 426 944 504 resultant,

184 509 345 571 causidico
360 508 494 568 medium
511 529 578 568 cum
592 510 682 568 faber
696 514 780 588 aptat
794 527 920 588 equum:

139 596 249 655 Mitior
262 595 295 653 in
307 613 417 672 magno
434 592 549 653 clamor
563 594 639 653 furit
655 593 897 672 amphitheatro,

182 679 329 743 Vincenti
343 696 468 757 parmae
483 698 550 738 cum
567 697 621 737 sua
634 678 724 736 turba
739 677 831 738 favet.

140 763 243 824 Vicini
257 781 395 821 somnum
410 781 472 821 nou
487 768 552 822 tota
567 767 661 821 nocte
675 780 834 839 rogamus:

96 857 132 909 lo
179 847 254 907 Nam
268 845 395 924 vigilare
411 845 480 906 leve
495 852 560 925 est,
582 844 769 926 pervigilare
785 863 876 923 grave
891 852 949 909 est.

139 928 313 1010 Discipulos
328 929 449 991 dimitte
465 937 544 991 tuos.
573 930 645 1009 Vis,
668 928 809 1010 garrule,
831 935 975 1010 quantum

182 1015 306 1093 Accipis
321 1020 356 1074 ut
373 1013 505 1095 clames,
529 1015 671 1094 accipere
685 1019 719 1073 ut
735 1016 861 1076 taceas?

523 1182 630 1244 LXIX.

140 1295 216 1355 (ium
233 1295 343 1374 futuis,
365 1292 585 1374 Polycharme,
607 1293 689 1354 soles
703 1297 736 1354 in
748 1295 810 1353 fine
827 1313 943 1355 cacare.

184 1379 260 1439 Cum
274 1377 465 1458 paedicaris,
488 1376 577 1455 quid,
597 1376 816 1456 Polycharmo,
838 1377 937 1437 facis?

510 1568 512 1572 ·
529 1538 621 1600 Lxx.

138 1655 267 1714 Dixerat
283 1672 323 1731 „o
338 1651 455 1711 mores!
478 1671 496 1711 o
512 1652 689 1732 tempora!“
719 1648 843 1712 Tullius
859 1651 949 1732 olim,

181 1735 372 1815 Sacrilegum
387 1742 525 1796 strueret
540 1755 607 1796 cum
623 1733 757 1797 catilina
771 1736 873 1815 nefas,

138 1823 214 1882 Cum
230 1839 326 1899 gener
343 1826 435 1900 atque
450 1839 540 1880 socer
555 1820 631 1880 dirir
648 1827 850 1881 concurreret
864 1822 955 1881 armis

180 1906 362 1985 Maestaque
378 1903 461 1965 civili
476 1905 570 1965 caede
585 1903 727 1964 maderet
739 1904 856 1965 humus.

116 1991 203 2050 50ur
217 2008 298 2049 nunc
312 2010 352 2068 „o
365 1989 504 2049 mores!“
527 2009 581 2048 cur
597 2008 678 2048 nuuc
693 2008 733 2065 „o
749 1987 923 2068 tempora!“
938 1987 1038 2048 dicis‘l

181 2072 270 2149 Quod
284 2075 340 2133 tibi
356 2092 418 2134 nou
432 2071 569 2153 placeat,
595 2071 787 2149 Caeciliaue,
808 2071 967 2152 quidest?

136 2155 226 2216 Nulla
243 2156 351 2216 ducum
366 2157 492 2235 feritas,
513 2155 598 2216 nulla
612 2163 661 2216 est
674 2157 792 2216 insania
806 2156 901 2231 ferri;

180 2240 260 2300 Pace
273 2241 336 2301 frui
351 2248 437 2302 certa
450 2240 630 2320 laetitiaque
644 2239 729 2300 licet.

138 2323 208 2383 Non
223 2327 323 2384 nostri
337 2326 470 2404 faciunt,
492 2327 550 2386 tibi
565 2323 647 2404 quod
661 2331 713 2384 tna
729 2331 870 2405 tempora
883 2323 1029 2402 sordent,

93 2416 129 2468 lo
178 2407 241 2467 Sed
255 2408 372 2470 iaciunt
385 2427 504 2488 mores,
527 2410 718 2488 caeciliane,
738 2410 794 2471 tui.

519 2576 625 2639 LXXI.

136 2687 266 2767 Massyli
278 2687 329 2747 leo
343 2687 424 2747 fama
435 2689 499 2767 iugi
511 2689 696 2767 pecorisque
711 2688 837 2747 maritus

176 2771 322 2848 Lanigeri
335 2772 445 2830 mirum
461 2791 519 2850 qua
534 2774 638 2833 coiere
653 2771 726 2834 fide.
745 2795 748 2800 ’

136 2855 206 2934 lpse
220 2852 297 2913 licet
310 2852 431 2933 videas,
453 2873 544 2915 cavea
555 2855 747 2917 stabulantur
763 2856 796 2914 in
809 2873 869 2913 uua

177 2939 219 2997 Et
232 2937 352 3016 pariter
365 2940 463 2998 socias
478 2940 578 3018 carpit
592 2946 724 3019 uterque
740 2937 851 3019 dapes:

113 3021 201 3085 bNec
216 3021 284 3080 fetu
299 3038 458 3080 nemorum
473 3023 608 3100 gaudent
622 3041 680 3082 uec
694 3024 819 3084 mitibus
834 3023 957 3101 herbis,

178 3104 372 3166 Concordem
386 3105 477 3165 satiat
491 3103 548 3164 sed
561 3103 647 3165 rudis
664 3125 740 3184 agna
754 3107 875 3169 famem.

135 3188 216 3265 Quid
231 3191 344 3249 meruit
358 3196 463 3249 terror
478 3189 627 3266 Nemees,
650 3189 723 3269 quid
741 3191 884 3270 proditor
898 3186 1027 3266 Helles,

175 3275 219 3334 Ut
231 3275 351 3334 niteant
367 3272 443 3333 celsi
457 3271 560 3334 lucida
575 3275 661 3352 signa
675 3272 765 3354 polii

135 3356 245 3418 Sidera
259 3359 285 3418 si
298 3364 427 3438 possent
440 3357 638 3439 pecudesque
652 3359 801 3437 feraeque
817 3357 949 3436 mereri,

92 3451 126 3504 10
175 3441 235 3501 Hic
251 3443 332 3503 aries
346 3442 454 3523 astris,
475 3442 527 3503 hic
539 3440 591 3504 leo
611 3443 720 3522 dignus
735 3448 811 3503 erat.
932 3473 940 3487 ·
