<?xml version="1.0" encoding="UTF-8"?>
<!DOCTYPE html PUBLIC "-//W3C//DTD XHTML 1.0 Transitional//EN"
    "http://www.w3.org/TR/xhtml1/DTD/xhtml1-transitional.dtd">
<html xmlns="http://www.w3.org/1999/xhtml" xml:lang="en" lang="en">
 <head>
  <title>
</title>
<meta http-equiv="Content-Type" content="text/html;charset=utf-8" />
  <meta name='ocr-system' content='tesseract 3.04.00' />
  <meta name='ocr-capabilities' content='ocr_page ocr_carea ocr_par ocr_line ocrx_word'/>
</head>
<body>
  <div class='ocr_page' id='page_1' title='image "./epigrammatonlib00schngoog_0057.png"; bbox 0 0 2370 3840; ppageno 0'>
   <div class='ocr_carea' id='block_1_1' title="bbox 99 189 813 254">
    <p class='ocr_par' dir='ltr' id='par_1_1' title="bbox 99 189 813 254">
     <span class='ocr_line' id='line_1_1' title="bbox 99 189 813 254; baseline -0.004 0"><span class='ocrx_word' id='word_1_1' title='bbox 99 190 140 254; x_wconf 79' lang='lat'><strong>42</strong></span> <span class='ocrx_word' id='word_1_2' title='bbox 417 191 460 251; x_wconf 88' lang='grc' dir='ltr'><strong>Μ.</strong></span> <span class='ocrx_word' id='word_1_3' title='bbox 480 191 570 253; x_wconf 88' lang='lat' dir='ltr'><strong>VAL.</strong></span> <span class='ocrx_word' id='word_1_4' title='bbox 588 189 813 251; x_wconf 84' lang='lat' dir='ltr'><strong>MARTIALIS</strong></span> 
     </span>
    </p>
   </div>
   <div class='ocr_carea' id='block_1_2' title="bbox 140 340 907 1593">
    <p class='ocr_par' dir='ltr' id='par_1_2' title="bbox 181 340 742 507">
     <span class='ocr_line' id='line_1_2' title="bbox 184 340 742 424; baseline -0.004 -20"><span class='ocrx_word' id='word_1_5' title='bbox 184 345 312 424; x_wconf 77' lang='lat' dir='ltr'>Spectas</span> <span class='ocrx_word' id='word_1_6' title='bbox 330 340 589 420; x_wconf 88' lang='lat' dir='ltr'><strong>eschatocollion,</strong></span> <span class='ocrx_word' id='word_1_7' title='bbox 611 343 742 421; x_wconf 87' lang='lat' dir='ltr'><strong>Severe,</strong></span> 
     </span>
     <span class='ocr_line' id='line_1_3' title="bbox 181 427 688 507; baseline -0.006 -16"><span class='ocrx_word' id='word_1_8' title='bbox 181 428 223 491; x_wconf 76' lang='lat' dir='ltr'><strong>nt</strong></span> <span class='ocrx_word' id='word_1_9' title='bbox 239 427 348 507; x_wconf 82' lang='lat' dir='ltr'><strong>longas</strong></span> <span class='ocrx_word' id='word_1_10' title='bbox 364 427 463 486; x_wconf 77' lang='lat' dir='ltr'><strong>trahis</strong></span> <span class='ocrx_word' id='word_1_11' title='bbox 481 427 688 488; x_wconf 77' lang='lat' dir='ltr'><strong>oscitationes.</strong></span> 
     </span>
    </p>

    <p class='ocr_par' dir='ltr' id='par_1_3' title="bbox 161 507 907 924">
     <span class='ocr_line' id='line_1_4' title="bbox 161 507 861 590; baseline -0.004 -17"><span class='ocrx_word' id='word_1_12' title='bbox 161 512 271 574; x_wconf 83' lang='lat' dir='ltr'><strong>5Haec</strong></span> <span class='ocrx_word' id='word_1_13' title='bbox 289 517 375 588; x_wconf 90' lang='lat' dir='ltr'><strong>sunt,</strong></span> <span class='ocrx_word' id='word_1_14' title='bbox 399 529 476 590; x_wconf 90' lang='lat' dir='ltr'><strong>quae</strong></span> <span class='ocrx_word' id='word_1_15' title='bbox 493 509 656 588; x_wconf 80' lang='lat' dir='ltr'><strong>relegente</strong></span> <span class='ocrx_word' id='word_1_16' title='bbox 674 528 723 569; x_wconf 93' lang='lat' dir='ltr'><strong>me</strong></span> <span class='ocrx_word' id='word_1_17' title='bbox 741 507 861 570; x_wconf 89' lang='lat' dir='ltr'><strong>solebas</strong></span> 
     </span>
     <span class='ocr_line' id='line_1_5' title="bbox 181 592 757 675; baseline -0.003 -19"><span class='ocrx_word' id='word_1_18' title='bbox 181 597 281 675; x_wconf 80' lang='lat' dir='ltr'><strong>Rapta</strong></span> <span class='ocrx_word' id='word_1_19' title='bbox 300 596 479 672; x_wconf 73' lang='lat' dir='ltr'><strong>exstitere,</strong></span> <span class='ocrx_word' id='word_1_20' title='bbox 498 594 554 654; x_wconf 87' lang='lat' dir='ltr'><strong>sed</strong></span> <span class='ocrx_word' id='word_1_21' title='bbox 573 592 757 656; x_wconf 85' lang='lat' dir='ltr'><strong>Vitellianis.</strong></span> 
     </span>
     <span class='ocr_line' id='line_1_6' title="bbox 182 668 907 757; baseline -0.001 -18"><span class='ocrx_word' id='word_1_22' title='bbox 182 680 269 739; x_wconf 91' lang='lat' dir='ltr'><strong>llaec</strong></span> <span class='ocrx_word' id='word_1_23' title='bbox 285 684 371 756; x_wconf 89' lang='lat' dir='ltr'><strong>sunt,</strong></span> <span class='ocrx_word' id='word_1_24' title='bbox 394 677 515 757; x_wconf 81' lang='lat' dir='ltr'><strong>singula</strong></span> <span class='ocrx_word' id='word_1_25' title='bbox 531 695 608 757; x_wconf 87' lang='lat' dir='ltr'><strong>quae</strong></span> <span class='ocrx_word' id='word_1_26' title='bbox 625 668 693 738; x_wconf 85' lang='lat' dir='ltr'><strong>sinu</strong></span> <span class='ocrx_word' id='word_1_27' title='bbox 709 678 834 739; x_wconf 85' lang='lat' dir='ltr'><strong>ferebas</strong></span> <span class='ocrx_word' id='word_1_28' title='bbox 900 701 907 713; x_wconf 85' lang='grc'><em>·</em></span> 
     </span>
     <span class='ocr_line' id='line_1_7' title="bbox 182 763 777 842; baseline -0.003 -19"><span class='ocrx_word' id='word_1_29' title='bbox 182 764 245 823; x_wconf 90' lang='lat' dir='ltr'><strong>Per</strong></span> <span class='ocrx_word' id='word_1_30' title='bbox 260 763 397 822; x_wconf 86' lang='lat' dir='ltr'><strong>convivia</strong></span> <span class='ocrx_word' id='word_1_31' title='bbox 415 768 542 840; x_wconf 88' lang='lat' dir='ltr'><strong>cuncta,</strong></span> <span class='ocrx_word' id='word_1_32' title='bbox 563 780 620 842; x_wconf 88' lang='lat' dir='ltr'><strong>per</strong></span> <span class='ocrx_word' id='word_1_33' title='bbox 639 763 777 840; x_wconf 89' lang='lat' dir='ltr'><strong>theatra,</strong></span> 
     </span>
     <span class='ocr_line' id='line_1_8' title="bbox 182 846 817 924; baseline 0 -18"><span class='ocrx_word' id='word_1_34' title='bbox 182 847 268 906; x_wconf 89' lang='lat' dir='ltr'><strong>Haec</strong></span> <span class='ocrx_word' id='word_1_35' title='bbox 285 855 356 906; x_wconf 89' lang='lat' dir='ltr'><strong>sunt</strong></span> <span class='ocrx_word' id='word_1_36' title='bbox 372 852 424 906; x_wconf 89' lang='lat' dir='ltr'><strong>aut</strong></span> <span class='ocrx_word' id='word_1_37' title='bbox 438 846 567 906; x_wconf 88' lang='lat' dir='ltr'><strong>meliora</strong></span> <span class='ocrx_word' id='word_1_38' title='bbox 584 847 610 905; x_wconf 93' lang='lat' dir='ltr'><strong>si</strong></span> <span class='ocrx_word' id='word_1_39' title='bbox 629 865 688 924; x_wconf 91' lang='lat' dir='ltr'><strong>qua</strong></span> <span class='ocrx_word' id='word_1_40' title='bbox 707 846 817 906; x_wconf 88' lang='lat' dir='ltr'><strong>nescis.</strong></span> 
     </span>
    </p>

    <p class='ocr_par' dir='ltr' id='par_1_4' title="bbox 140 927 862 1344">
     <span class='ocr_line' id='line_1_9' title="bbox 140 927 862 1012; baseline -0.003 -18"><span class='ocrx_word' id='word_1_41' title='bbox 140 940 175 994; x_wconf 88' lang='lat'><strong>10</strong></span> <span class='ocrx_word' id='word_1_42' title='bbox 183 929 264 1007; x_wconf 81' lang='lat' dir='ltr'><strong>Quid</strong></span> <span class='ocrx_word' id='word_1_43' title='bbox 281 929 411 1011; x_wconf 62' lang='lat' dir='ltr'><strong>proclest</strong></span> <span class='ocrx_word' id='word_1_44' title='bbox 426 931 501 991; x_wconf 85' lang='lat' dir='ltr'><strong>milri</strong></span> <span class='ocrx_word' id='word_1_45' title='bbox 519 936 581 990; x_wconf 92' lang='lat' dir='ltr'><strong>tam</strong></span> <span class='ocrx_word' id='word_1_46' title='bbox 597 948 700 989; x_wconf 84' lang='lat' dir='ltr'><strong>macer</strong></span> <span class='ocrx_word' id='word_1_47' title='bbox 715 927 862 1012; x_wconf 84' lang='lat' dir='ltr'><strong>libellus,</strong></span> 
     </span>
     <span class='ocr_line' id='line_1_10' title="bbox 181 1013 715 1092; baseline -0.002 -18"><span class='ocrx_word' id='word_1_48' title='bbox 181 1013 275 1074; x_wconf 92' lang='lat' dir='ltr'><strong>Nullo</strong></span> <span class='ocrx_word' id='word_1_49' title='bbox 294 1015 426 1074; x_wconf 77' lang='lat' dir='ltr'><strong>crassior</strong></span> <span class='ocrx_word' id='word_1_50' title='bbox 442 1019 477 1074; x_wconf 92' lang='lat' dir='ltr'><strong>ut</strong></span> <span class='ocrx_word' id='word_1_51' title='bbox 496 1015 537 1074; x_wconf 88' lang='lat' dir='ltr'><strong>sit</strong></span> <span class='ocrx_word' id='word_1_52' title='bbox 554 1013 715 1092; x_wconf 89' lang='lat' dir='ltr'><strong>umbilico,</strong></span> 
     </span>
     <span class='ocr_line' id='line_1_11' title="bbox 183 1097 697 1176; baseline -0.004 -18"><span class='ocrx_word' id='word_1_53' title='bbox 183 1098 216 1158; x_wconf 90' lang='lat' dir='ltr'><strong>Si</strong></span> <span class='ocrx_word' id='word_1_54' title='bbox 232 1104 315 1158; x_wconf 88' lang='lat' dir='ltr'><strong>totus</strong></span> <span class='ocrx_word' id='word_1_55' title='bbox 331 1099 390 1158; x_wconf 85' lang='lat' dir='ltr'><strong>tibi</strong></span> <span class='ocrx_word' id='word_1_56' title='bbox 407 1098 510 1158; x_wconf 85' lang='lat' dir='ltr'><strong>triduo</strong></span> <span class='ocrx_word' id='word_1_57' title='bbox 527 1097 670 1176; x_wconf 73' lang='lat' dir='ltr'><strong>legatur?</strong></span> <span class='ocrx_word' id='word_1_58' title='bbox 687 1136 697 1146; x_wconf 85' lang='lat'><strong>--</strong></span> 
     </span>
     <span class='ocr_line' id='line_1_12' title="bbox 181 1180 697 1261; baseline 0 -20"><span class='ocrx_word' id='word_1_59' title='bbox 181 1181 342 1260; x_wconf 89' lang='lat' dir='ltr'><strong>Nunquam</strong></span> <span class='ocrx_word' id='word_1_60' title='bbox 360 1180 492 1242; x_wconf 84' lang='lat' dir='ltr'><strong>deliciae</strong></span> <span class='ocrx_word' id='word_1_61' title='bbox 511 1183 697 1261; x_wconf 68' lang='lat' dir='ltr'><strong>supiniores</strong></span> 
     </span>
     <span class='ocr_line' id='line_1_13' title="bbox 181 1264 710 1344; baseline -0.004 -18"><span class='ocrx_word' id='word_1_62' title='bbox 181 1265 293 1326; x_wconf 85' lang='lat' dir='ltr'><strong>Lassus</strong></span> <span class='ocrx_word' id='word_1_63' title='bbox 311 1271 372 1325; x_wconf 95' lang='lat' dir='ltr'><strong>tam</strong></span> <span class='ocrx_word' id='word_1_64' title='bbox 391 1268 452 1326; x_wconf 92' lang='lat' dir='ltr'><strong>cito</strong></span> <span class='ocrx_word' id='word_1_65' title='bbox 471 1264 578 1326; x_wconf 85' lang='lat' dir='ltr'><strong>deficis</strong></span> <span class='ocrx_word' id='word_1_66' title='bbox 594 1267 710 1344; x_wconf 82' lang='lat' dir='ltr'><strong>viator,</strong></span> 
     </span>
    </p>

    <p class='ocr_par' dir='ltr' id='par_1_5' title="bbox 140 1347 785 1593">
     <span class='ocr_line' id='line_1_14' title="bbox 140 1347 751 1428; baseline -0.007 -15"><span class='ocrx_word' id='word_1_67' title='bbox 140 1351 221 1414; x_wconf 82' lang='lat' dir='ltr'><strong>15Et</strong></span> <span class='ocrx_word' id='word_1_68' title='bbox 238 1369 307 1411; x_wconf 89' lang='lat' dir='ltr'><strong>cum</strong></span> <span class='ocrx_word' id='word_1_69' title='bbox 323 1369 451 1411; x_wconf 88' lang='lat' dir='ltr'><strong>currere</strong></span> <span class='ocrx_word' id='word_1_70' title='bbox 468 1349 582 1410; x_wconf 84' lang='lat' dir='ltr'><strong>debeas</strong></span> <span class='ocrx_word' id='word_1_71' title='bbox 599 1347 751 1428; x_wconf 83' lang='lat' dir='ltr'><strong>Bovillas,</strong></span> 
     </span>
     <span class='ocr_line' id='line_1_15' title="bbox 180 1432 785 1515; baseline -0.002 -22"><span class='ocrx_word' id='word_1_72' title='bbox 180 1434 394 1512; x_wconf 80' lang='lat' dir='ltr'><strong>Interiungere</strong></span> <span class='ocrx_word' id='word_1_73' title='bbox 412 1435 534 1515; x_wconf 88' lang='lat' dir='ltr'><strong>quaeris</strong></span> <span class='ocrx_word' id='word_1_74' title='bbox 555 1432 593 1494; x_wconf 81' lang='lat' dir='ltr'><strong>acl</strong></span> <span class='ocrx_word' id='word_1_75' title='bbox 612 1432 785 1494; x_wconf 74' lang='lat' dir='ltr'><strong>Camenas?</strong></span> 
     </span>
     <span class='ocr_line' id='line_1_16' title="bbox 181 1515 735 1593; baseline 0.004 -18"><span class='ocrx_word' id='word_1_76' title='bbox 181 1516 309 1593; x_wconf 88' lang='lat' dir='ltr'><strong>laune,</strong></span> <span class='ocrx_word' id='word_1_77' title='bbox 332 1517 428 1578; x_wconf 90' lang='lat' dir='ltr'><strong>edere</strong></span> <span class='ocrx_word' id='word_1_78' title='bbox 445 1537 494 1578; x_wconf 92' lang='lat' dir='ltr'><strong>me</strong></span> <span class='ocrx_word' id='word_1_79' title='bbox 510 1519 583 1578; x_wconf 91' lang='lat' dir='ltr'><strong>iube</strong></span> <span class='ocrx_word' id='word_1_80' title='bbox 600 1515 735 1578; x_wconf 88' lang='lat' dir='ltr'><strong>libellos.</strong></span> 
     </span>
    </p>
   </div>
   <div class='ocr_carea' id='block_1_3' title="bbox 587 1641 652 1702">
    <p class='ocr_par' dir='ltr' id='par_1_6' title="bbox 587 1641 652 1702">
     <span class='ocr_line' id='line_1_17' title="bbox 587 1641 652 1702; baseline -0.031 0"><span class='ocrx_word' id='word_1_81' title='bbox 587 1641 652 1702; x_wconf 88' lang='lat' dir='ltr'><strong>Vll.</strong></span> 
     </span>
    </p>
   </div>
   <div class='ocr_carea' id='block_1_4' title="bbox 181 1737 969 1901">
    <p class='ocr_par' dir='ltr' id='par_1_7' title="bbox 181 1737 969 1901">
     <span class='ocr_line' id='line_1_18' title="bbox 181 1737 969 1818; baseline -0.001 -15"><span class='ocrx_word' id='word_1_82' title='bbox 181 1742 341 1803; x_wconf 77' lang='lat' dir='ltr'><strong>Declamas</strong></span> <span class='ocrx_word' id='word_1_83' title='bbox 358 1739 460 1818; x_wconf 85' lang='lat' dir='ltr'><strong>belle,</strong></span> <span class='ocrx_word' id='word_1_84' title='bbox 482 1758 586 1800; x_wconf 78' lang='lat' dir='ltr'><strong>caussa</strong></span> <span class='ocrx_word' id='word_1_85' title='bbox 603 1740 682 1817; x_wconf 84' lang='lat' dir='ltr'><strong>agis,</strong></span> <span class='ocrx_word' id='word_1_86' title='bbox 704 1739 827 1817; x_wconf 87' lang='lat' dir='ltr'><strong>Attice,</strong></span> <span class='ocrx_word' id='word_1_87' title='bbox 849 1737 969 1817; x_wconf 86' lang='lat' dir='ltr'><strong>belle„</strong></span> 
     </span>
     <span class='ocr_line' id='line_1_19' title="bbox 224 1821 876 1901; baseline -0.011 -14"><span class='ocrx_word' id='word_1_88' title='bbox 224 1827 378 1886; x_wconf 85' lang='lat' dir='ltr'><strong>Historias</strong></span> <span class='ocrx_word' id='word_1_89' title='bbox 396 1823 511 1901; x_wconf 90' lang='lat' dir='ltr'><strong>bellas,</strong></span> <span class='ocrx_word' id='word_1_90' title='bbox 533 1823 666 1882; x_wconf 91' lang='lat' dir='ltr'><strong>carmina</strong></span> <span class='ocrx_word' id='word_1_91' title='bbox 683 1821 767 1882; x_wconf 88' lang='lat' dir='ltr'><strong>bella</strong></span> <span class='ocrx_word' id='word_1_92' title='bbox 782 1822 876 1901; x_wconf 89' lang='lat' dir='ltr'><strong>facis,</strong></span> 
     </span>
    </p>
   </div>
   <div class='ocr_carea' id='block_1_5' title="bbox 161 1904 1023 2408">
    <p class='ocr_par' dir='ltr' id='par_1_8' title="bbox 161 1904 1023 2408">
     <span class='ocr_line' id='line_1_20' title="bbox 182 1904 948 1990; baseline -0.008 -19"><span class='ocrx_word' id='word_1_93' title='bbox 182 1911 348 1990; x_wconf 77' lang='lat' dir='ltr'><strong>Componis</strong></span> <span class='ocrx_word' id='word_1_94' title='bbox 362 1907 448 1969; x_wconf 92' lang='lat' dir='ltr'><strong>belle</strong></span> <span class='ocrx_word' id='word_1_95' title='bbox 466 1909 590 1986; x_wconf 88' lang='lat' dir='ltr'><strong>mimos,</strong></span> <span class='ocrx_word' id='word_1_96' title='bbox 612 1908 830 1985; x_wconf 82' lang='lat' dir='ltr'><strong>epigrammata</strong></span> <span class='ocrx_word' id='word_1_97' title='bbox 847 1904 948 1985; x_wconf 88' lang='lat' dir='ltr'><strong>belle,</strong></span> 
     </span>
     <span class='ocr_line' id='line_1_21' title="bbox 223 1988 960 2072; baseline -0.005 -18"><span class='ocrx_word' id='word_1_98' title='bbox 223 1993 332 2055; x_wconf 92' lang='lat' dir='ltr'><strong>Bellus</strong></span> <span class='ocrx_word' id='word_1_99' title='bbox 349 1993 578 2072; x_wconf 80' lang='lat' dir='ltr'><strong>grammaticus,</strong></span> <span class='ocrx_word' id='word_1_100' title='bbox 598 1989 700 2050; x_wconf 90' lang='lat' dir='ltr'><strong>bellus</strong></span> <span class='ocrx_word' id='word_1_101' title='bbox 719 2009 752 2050; x_wconf 89' lang='lat' dir='ltr'><strong>es</strong></span> <span class='ocrx_word' id='word_1_102' title='bbox 770 1988 960 2070; x_wconf 82' lang='lat' dir='ltr'><strong>astrologus,</strong></span> 
     </span>
     <span class='ocr_line' id='line_1_22' title="bbox 161 2073 892 2154; baseline -0.007 -14"><span class='ocrx_word' id='word_1_103' title='bbox 161 2079 227 2140; x_wconf 78' lang='lat' dir='ltr'><strong>5Et</strong></span> <span class='ocrx_word' id='word_1_104' title='bbox 243 2077 326 2139; x_wconf 90' lang='lat' dir='ltr'><strong>belle</strong></span> <span class='ocrx_word' id='word_1_105' title='bbox 346 2083 450 2138; x_wconf 91' lang='lat' dir='ltr'><strong>cantas</strong></span> <span class='ocrx_word' id='word_1_106' title='bbox 469 2081 503 2136; x_wconf 90' lang='lat' dir='ltr'><strong>et</strong></span> <span class='ocrx_word' id='word_1_107' title='bbox 519 2073 630 2153; x_wconf 90' lang='lat' dir='ltr'><strong>saltas,</strong></span> <span class='ocrx_word' id='word_1_108' title='bbox 650 2075 771 2152; x_wconf 82' lang='lat' dir='ltr'><strong>Attice,</strong></span> <span class='ocrx_word' id='word_1_109' title='bbox 792 2074 892 2154; x_wconf 85' lang='lat' dir='ltr'><strong>belle,</strong></span> 
     </span>
     <span class='ocr_line' id='line_1_23' title="bbox 223 2157 954 2240; baseline -0.005 -16"><span class='ocrx_word' id='word_1_110' title='bbox 223 2161 328 2224; x_wconf 92' lang='lat' dir='ltr'><strong>Bellus</strong></span> <span class='ocrx_word' id='word_1_111' title='bbox 346 2181 379 2222; x_wconf 91' lang='lat' dir='ltr'><strong>es</strong></span> <span class='ocrx_word' id='word_1_112' title='bbox 400 2167 467 2222; x_wconf 91' lang='lat' dir='ltr'><strong>arte</strong></span> <span class='ocrx_word' id='word_1_113' title='bbox 484 2158 588 2240; x_wconf 90' lang='lat' dir='ltr'><strong>lyrae,</strong></span> <span class='ocrx_word' id='word_1_114' title='bbox 610 2157 712 2219; x_wconf 89' lang='lat' dir='ltr'><strong>hellus</strong></span> <span class='ocrx_word' id='word_1_115' title='bbox 730 2177 763 2219; x_wconf 91' lang='lat' dir='ltr'><strong>es</strong></span> <span class='ocrx_word' id='word_1_116' title='bbox 782 2163 848 2218; x_wconf 88' lang='lat' dir='ltr'><strong>arte</strong></span> <span class='ocrx_word' id='word_1_117' title='bbox 862 2159 954 2239; x_wconf 89' lang='lat' dir='ltr'><strong>pilae.</strong></span> 
     </span>
     <span class='ocr_line' id='line_1_24' title="bbox 181 2239 1023 2323; baseline -0.006 -16"><span class='ocrx_word' id='word_1_118' title='bbox 181 2246 234 2308; x_wconf 89' lang='lat' dir='ltr'><strong>Nil</strong></span> <span class='ocrx_word' id='word_1_119' title='bbox 250 2249 330 2309; x_wconf 86' lang='lat' dir='ltr'><strong>bene</strong></span> <span class='ocrx_word' id='word_1_120' title='bbox 352 2266 419 2306; x_wconf 91' lang='lat' dir='ltr'><strong>cum</strong></span> <span class='ocrx_word' id='word_1_121' title='bbox 434 2245 545 2322; x_wconf 87' lang='lat' dir='ltr'><strong>facias,</strong></span> <span class='ocrx_word' id='word_1_122' title='bbox 566 2244 661 2303; x_wconf 84' lang='lat' dir='ltr'><strong>facias</strong></span> <span class='ocrx_word' id='word_1_123' title='bbox 678 2249 781 2302; x_wconf 91' lang='lat' dir='ltr'><strong>tamen</strong></span> <span class='ocrx_word' id='word_1_124' title='bbox 799 2245 899 2302; x_wconf 90' lang='lat' dir='ltr'><strong>omnia</strong></span> <span class='ocrx_word' id='word_1_125' title='bbox 917 2239 1023 2323; x_wconf 87' lang='lat' dir='ltr'><strong>belle,</strong></span> 
     </span>
     <span class='ocr_line' id='line_1_25' title="bbox 225 2325 908 2408; baseline -0.004 -15"><span class='ocrx_word' id='word_1_126' title='bbox 225 2331 282 2394; x_wconf 90' lang='lat' dir='ltr'><strong>Vis</strong></span> <span class='ocrx_word' id='word_1_127' title='bbox 301 2330 398 2390; x_wconf 86' lang='lat' dir='ltr'><strong>dicam</strong></span> <span class='ocrx_word' id='word_1_128' title='bbox 412 2327 486 2408; x_wconf 83' lang='lat' dir='ltr'><strong>quid</strong></span> <span class='ocrx_word' id='word_1_129' title='bbox 503 2328 569 2387; x_wconf 75' lang='lat' dir='ltr'><strong>sis?</strong></span> <span class='ocrx_word' id='word_1_130' title='bbox 590 2345 715 2405; x_wconf 83' lang='lat' dir='ltr'><strong>magnus</strong></span> <span class='ocrx_word' id='word_1_131' title='bbox 729 2345 762 2386; x_wconf 92' lang='lat' dir='ltr'><strong>es</strong></span> <span class='ocrx_word' id='word_1_132' title='bbox 781 2325 908 2390; x_wconf 88' lang='lat' dir='ltr'><strong>ardalio.</strong></span> 
     </span>
    </p>
   </div>
   <div class='ocr_carea' id='block_1_6' title="bbox 582 2456 659 2519">
    <p class='ocr_par' dir='ltr' id='par_1_9' title="bbox 582 2456 659 2519">
     <span class='ocr_line' id='line_1_26' title="bbox 582 2456 659 2519; baseline -0.039 0"><span class='ocrx_word' id='word_1_133' title='bbox 582 2456 659 2519; x_wconf 88' lang='lat' dir='ltr'><strong>Vlll.</strong></span> 
     </span>
    </p>
   </div>
   <div class='ocr_carea' id='block_1_7' title="bbox 155 2553 1141 3222">
    <p class='ocr_par' dir='ltr' id='par_1_10' title="bbox 182 2553 1011 2720">
     <span class='ocr_line' id='line_1_27' title="bbox 182 2553 992 2634; baseline 0 -20"><span class='ocrx_word' id='word_1_134' title='bbox 182 2554 290 2633; x_wconf 89' lang='lat' dir='ltr'><strong>Siqua</strong></span> <span class='ocrx_word' id='word_1_135' title='bbox 307 2554 492 2616; x_wconf 87' lang='lat' dir='ltr'><strong>videbuntur</strong></span> <span class='ocrx_word' id='word_1_136' title='bbox 511 2556 625 2615; x_wconf 89' lang='lat' dir='ltr'><strong>chartis</strong></span> <span class='ocrx_word' id='word_1_137' title='bbox 643 2556 715 2634; x_wconf 87' lang='lat' dir='ltr'><strong>tibi,</strong></span> <span class='ocrx_word' id='word_1_138' title='bbox 736 2553 853 2634; x_wconf 88' lang='lat' dir='ltr'><strong>lector,</strong></span> <span class='ocrx_word' id='word_1_139' title='bbox 872 2555 992 2615; x_wconf 90' lang='lat' dir='ltr'><strong>inistis</strong></span> 
     </span>
     <span class='ocr_line' id='line_1_28' title="bbox 225 2637 1011 2720; baseline 0.006 -23"><span class='ocrx_word' id='word_1_140' title='bbox 225 2638 296 2699; x_wconf 86' lang='lat' dir='ltr'><strong>Sive</strong></span> <span class='ocrx_word' id='word_1_141' title='bbox 315 2641 445 2700; x_wconf 89' lang='lat' dir='ltr'><strong>obscura</strong></span> <span class='ocrx_word' id='word_1_142' title='bbox 462 2640 553 2700; x_wconf 87' lang='lat' dir='ltr'><strong>nimis</strong></span> <span class='ocrx_word' id='word_1_143' title='bbox 570 2640 633 2699; x_wconf 86' lang='lat' dir='ltr'><strong>sire</strong></span> <span class='ocrx_word' id='word_1_144' title='bbox 650 2637 747 2699; x_wconf 90' lang='lat' dir='ltr'><strong>latina</strong></span> <span class='ocrx_word' id='word_1_145' title='bbox 763 2659 886 2720; x_wconf 91' lang='lat' dir='ltr'><strong>param,</strong></span> <span class='ocrx_word' id='word_1_146' title='bbox 1008 2698 1011 2702; x_wconf 86' lang='lat'><em>.</em></span> 
     </span>
    </p>

    <p class='ocr_par' dir='ltr' id='par_1_11' title="bbox 182 2721 912 2890">
     <span class='ocr_line' id='line_1_29' title="bbox 182 2721 912 2784; baseline 0.001 -2"><span class='ocrx_word' id='word_1_147' title='bbox 182 2721 250 2782; x_wconf 91' lang='lat' dir='ltr'><strong>Non</strong></span> <span class='ocrx_word' id='word_1_148' title='bbox 269 2741 355 2783; x_wconf 91' lang='lat' dir='ltr'><strong>meus</strong></span> <span class='ocrx_word' id='word_1_149' title='bbox 371 2731 420 2784; x_wconf 92' lang='lat' dir='ltr'><strong>est</strong></span> <span class='ocrx_word' id='word_1_150' title='bbox 438 2742 542 2784; x_wconf 90' lang='lat' dir='ltr'><strong>error:</strong></span> <span class='ocrx_word' id='word_1_151' title='bbox 564 2725 670 2784; x_wconf 88' lang='lat' dir='ltr'><strong>nocuit</strong></span> <span class='ocrx_word' id='word_1_152' title='bbox 688 2722 832 2784; x_wconf 90' lang='lat' dir='ltr'><strong>librarius</strong></span> <span class='ocrx_word' id='word_1_153' title='bbox 848 2721 912 2783; x_wconf 89' lang='lat' dir='ltr'><strong>illis</strong></span> 
     </span>
     <span class='ocr_line' id='line_1_30' title="bbox 223 2805 893 2890; baseline 0.007 -27"><span class='ocrx_word' id='word_1_154' title='bbox 223 2805 302 2867; x_wconf 89' lang='lat' dir='ltr'><strong>Dum</strong></span> <span class='ocrx_word' id='word_1_155' title='bbox 319 2815 468 2890; x_wconf 85' lang='lat' dir='ltr'><strong>properat</strong></span> <span class='ocrx_word' id='word_1_156' title='bbox 485 2827 591 2868; x_wconf 87' lang='lat' dir='ltr'><strong>versus</strong></span> <span class='ocrx_word' id='word_1_157' title='bbox 609 2826 810 2869; x_wconf 86' lang='lat' dir='ltr'><strong>annumerare</strong></span> <span class='ocrx_word' id='word_1_158' title='bbox 827 2808 893 2868; x_wconf 87' lang='lat' dir='ltr'><strong>tibi.</strong></span> 
     </span>
    </p>

    <p class='ocr_par' dir='ltr' id='par_1_12' title="bbox 155 2889 984 2972">
     <span class='ocr_line' id='line_1_31' title="bbox 155 2889 984 2972; baseline -0.001 -21"><span class='ocrx_word' id='word_1_159' title='bbox 155 2899 177 2951; x_wconf 84' lang='lat'><strong>.5</strong></span> <span class='ocrx_word' id='word_1_160' title='bbox 185 2889 274 2965; x_wconf 80' lang='lat' dir='ltr'><strong>Quod</strong></span> <span class='ocrx_word' id='word_1_161' title='bbox 291 2892 318 2951; x_wconf 89' lang='lat' dir='ltr'><strong>si</strong></span> <span class='ocrx_word' id='word_1_162' title='bbox 335 2910 397 2951; x_wconf 91' lang='lat' dir='ltr'><strong>non</strong></span> <span class='ocrx_word' id='word_1_163' title='bbox 414 2891 517 2971; x_wconf 88' lang='lat' dir='ltr'><strong>illum,</strong></span> <span class='ocrx_word' id='word_1_164' title='bbox 538 2890 594 2952; x_wconf 88' lang='lat' dir='ltr'><strong>sed</strong></span> <span class='ocrx_word' id='word_1_165' title='bbox 611 2910 660 2951; x_wconf 91' lang='lat' dir='ltr'><strong>me</strong></span> <span class='ocrx_word' id='word_1_166' title='bbox 677 2910 824 2971; x_wconf 88' lang='lat' dir='ltr'><strong>peccasse</strong></span> <span class='ocrx_word' id='word_1_167' title='bbox 844 2891 984 2972; x_wconf 89' lang='lat' dir='ltr'><strong>putabis,</strong></span> 
     </span>
    </p>

    <p class='ocr_par' dir='ltr' id='par_1_13' title="bbox 225 2971 939 3053">
     <span class='ocr_line' id='line_1_32' title="bbox 225 2971 939 3053; baseline 0.004 -20"><span class='ocrx_word' id='word_1_168' title='bbox 225 2974 314 3034; x_wconf 88' lang='lat' dir='ltr'><strong>Tunc</strong></span> <span class='ocrx_word' id='word_1_169' title='bbox 332 2993 389 3053; x_wconf 81' lang='lat' dir='ltr'><strong>ego</strong></span> <span class='ocrx_word' id='word_1_170' title='bbox 406 2981 439 3035; x_wconf 88' lang='lat' dir='ltr'><strong>te</strong></span> <span class='ocrx_word' id='word_1_171' title='bbox 459 2975 581 3037; x_wconf 85' lang='lat' dir='ltr'><strong>credam</strong></span> <span class='ocrx_word' id='word_1_172' title='bbox 600 2975 702 3034; x_wconf 87' lang='lat' dir='ltr'><strong>cordis</strong></span> <span class='ocrx_word' id='word_1_173' title='bbox 717 2975 834 3035; x_wconf 90' lang='lat' dir='ltr'><strong>habere</strong></span> <span class='ocrx_word' id='word_1_174' title='bbox 851 2971 939 3036; x_wconf 87' lang='lat' dir='ltr'><strong>nihil.</strong></span> 
     </span>
    </p>

    <p class='ocr_par' dir='ltr' id='par_1_14' title="bbox 182 3057 1141 3222">
     <span class='ocr_line' id='line_1_33' title="bbox 182 3057 1141 3137; baseline 0 -20"><span class='ocrx_word' id='word_1_175' title='bbox 182 3057 265 3136; x_wconf 87' lang='lat' dir='ltr'><strong>„ista</strong></span> <span class='ocrx_word' id='word_1_176' title='bbox 281 3064 384 3118; x_wconf 87' lang='lat' dir='ltr'><strong>tamen</strong></span> <span class='ocrx_word' id='word_1_177' title='bbox 401 3057 480 3120; x_wconf 91' lang='lat' dir='ltr'><strong>mala</strong></span> <span class='ocrx_word' id='word_1_178' title='bbox 497 3059 600 3121; x_wconf 79' lang='lat' dir='ltr'><strong>sunt.“</strong></span> <span class='ocrx_word' id='word_1_179' title='bbox 629 3060 722 3135; x_wconf 81' lang='lat' dir='ltr'><strong>Quasi</strong></span> <span class='ocrx_word' id='word_1_180' title='bbox 733 3078 789 3119; x_wconf 91' lang='lat' dir='ltr'><strong>nos</strong></span> <span class='ocrx_word' id='word_1_181' title='bbox 800 3058 963 3120; x_wconf 82' lang='lat' dir='ltr'><strong>manifesta</strong></span> <span class='ocrx_word' id='word_1_182' title='bbox 974 3075 1141 3137; x_wconf 77' lang='lat' dir='ltr'><strong>negemusz</strong></span> 
     </span>
     <span class='ocr_line' id='line_1_34' title="bbox 224 3141 959 3222; baseline -0.001 -21"><span class='ocrx_word' id='word_1_183' title='bbox 224 3142 309 3202; x_wconf 90' lang='lat' dir='ltr'><strong>llaec</strong></span> <span class='ocrx_word' id='word_1_184' title='bbox 328 3141 406 3202; x_wconf 89' lang='lat' dir='ltr'><strong>mala</strong></span> <span class='ocrx_word' id='word_1_185' title='bbox 424 3150 513 3222; x_wconf 89' lang='lat' dir='ltr'><strong>sunt,</strong></span> <span class='ocrx_word' id='word_1_186' title='bbox 532 3142 589 3202; x_wconf 87' lang='lat' dir='ltr'><strong>sed</strong></span> <span class='ocrx_word' id='word_1_187' title='bbox 605 3148 641 3203; x_wconf 91' lang='lat' dir='ltr'><strong>tn</strong></span> <span class='ocrx_word' id='word_1_188' title='bbox 656 3162 719 3202; x_wconf 91' lang='lat' dir='ltr'><strong>non</strong></span> <span class='ocrx_word' id='word_1_189' title='bbox 737 3142 866 3203; x_wconf 91' lang='lat' dir='ltr'><strong>meliora</strong></span> <span class='ocrx_word' id='word_1_190' title='bbox 882 3143 959 3202; x_wconf 82' lang='lat' dir='ltr'><strong>facis</strong></span> 
     </span>
    </p>
   </div>
   <div class='ocr_carea' id='block_1_8' title="bbox 588 3253 639 3316">
    <p class='ocr_par' dir='ltr' id='par_1_15' title="bbox 588 3253 639 3316">
     <span class='ocr_line' id='line_1_35' title="bbox 588 3253 639 3316; baseline -0.098 0"><span class='ocrx_word' id='word_1_191' title='bbox 588 3253 639 3316; x_wconf 81' lang='lat' dir='ltr'><strong>lx.</strong></span> 
     </span>
    </p>
   </div>
   <div class='ocr_carea' id='block_1_9' title="bbox 183 3349 992 3518">
    <p class='ocr_par' dir='ltr' id='par_1_16' title="bbox 183 3349 992 3518">
     <span class='ocr_line' id='line_1_36' title="bbox 183 3349 992 3432; baseline -0.001 -20"><span class='ocrx_word' id='word_1_192' title='bbox 183 3349 316 3431; x_wconf 85' lang='lat' dir='ltr'><strong>Scripsi,</strong></span> <span class='ocrx_word' id='word_1_193' title='bbox 332 3353 495 3432; x_wconf 89' lang='lat' dir='ltr'><strong>rescripsit</strong></span> <span class='ocrx_word' id='word_1_194' title='bbox 511 3351 556 3413; x_wconf 90' lang='lat' dir='ltr'><strong>nil</strong></span> <span class='ocrx_word' id='word_1_195' title='bbox 571 3353 700 3431; x_wconf 85' lang='lat' dir='ltr'><strong>Naevia,</strong></span> <span class='ocrx_word' id='word_1_196' title='bbox 722 3371 784 3413; x_wconf 89' lang='lat' dir='ltr'><strong>non</strong></span> <span class='ocrx_word' id='word_1_197' title='bbox 803 3353 889 3416; x_wconf 90' lang='lat' dir='ltr'><strong>dabit</strong></span> <span class='ocrx_word' id='word_1_198' title='bbox 908 3370 992 3432; x_wconf 81' lang='lat' dir='ltr'><strong>ergo.</strong></span> 
     </span>
     <span class='ocr_line' id='line_1_37' title="bbox 224 3434 961 3518; baseline 0.005 -22"><span class='ocrx_word' id='word_1_199' title='bbox 224 3434 288 3496; x_wconf 85' lang='lat' dir='ltr'><strong>Sed</strong></span> <span class='ocrx_word' id='word_1_200' title='bbox 302 3442 377 3516; x_wconf 93' lang='lat' dir='ltr'><strong>puto</strong></span> <span class='ocrx_word' id='word_1_201' title='bbox 396 3436 479 3516; x_wconf 86' lang='lat' dir='ltr'><strong>quod</strong></span> <span class='ocrx_word' id='word_1_202' title='bbox 496 3438 606 3518; x_wconf 91' lang='lat' dir='ltr'><strong>scripsi</strong></span> <span class='ocrx_word' id='word_1_203' title='bbox 622 3436 759 3516; x_wconf 84' lang='lat' dir='ltr'><strong>legerat:</strong></span> <span class='ocrx_word' id='word_1_204' title='bbox 781 3457 855 3518; x_wconf 81' lang='lat' dir='ltr'><strong>ergo</strong></span> <span class='ocrx_word' id='word_1_205' title='bbox 868 3437 961 3500; x_wconf 86' lang='lat' dir='ltr'><strong>dabit.</strong></span> 
     </span>
    </p>
   </div>
   <div class='ocr_carea' id='block_1_10' title="bbox 0 0 1190 3840">
    <p class='ocr_par' dir='ltr' id='par_1_17' title="bbox 0 0 1190 3840">
     <span class='ocr_line' id='line_1_38' title="bbox 0 0 1190 3840; baseline 0 0"><span class='ocrx_word' id='word_1_206' title='bbox 0 0 1190 3840; x_wconf 95' lang='lat' dir='ltr'><strong> </strong></span> 
     </span>
    </p>
   </div>
  </div>
 </body>
</html>
