2370 3840
324 217 665 279 EPIGRAMMATON
678 218 752 278 LIB.
768 217 806 282 X.
1021 216 1089 280 Μ

126 371 273 431 Promisit
287 371 406 450 pariter
421 388 455 429 se
471 366 593 447 Phyllis
608 370 732 447 utrique
748 366 903 446 daturam,

168 455 209 513 nt
225 452 327 513 dedit:
349 452 406 512 ille
420 451 532 533 pedem
547 450 686 528 sustulit,
708 453 759 511 hic
774 455 915 513 tunicam.

492 554 644 646 axxxnj

127 685 160 745 Si
176 685 250 765 quid
264 691 371 745 nostra
384 686 446 745 tuis
461 683 556 744 adicit
570 685 689 744 vexatio
704 685 812 761 rebus,

169 771 262 830 Mane
280 768 330 829 vel
345 789 363 828 a
376 767 478 828 media
493 774 585 828 nocte
601 772 722 846 togatus
737 786 809 844 ero,

126 852 366 932 Stridentesque
382 853 480 912 feram
493 853 584 911 flatus
598 849 751 930 aquilonia
766 851 863 931 iniqui

169 938 210 996 Et
223 939 323 1017 patiar
337 939 456 997 nImbos
470 936 679 1015 excipiamque
694 935 790 996 nives.

107 1019 195 1080 5Sed
209 1021 235 1078 si
249 1039 311 1079 non
325 1021 379 1079 iias
395 1020 564 1099 quadrante
580 1021 700 1079 beatIor
715 1037 775 1077 nno

169 1103 230 1162 Per
245 1105 377 1182 gemitus
392 1111 515 1163 nostros
528 1104 738 1183 ingenuasque
754 1121 878 1179 cruces,

126 1188 239 1265 Parce,
262 1206 390 1267 precor,
411 1188 494 1248 fesso
509 1205 664 1265 vanosque
679 1187 804 1246 remitte
818 1185 957 1264 labores,

169 1272 226 1346 Qui
243 1273 300 1331 tibi
315 1290 377 1330 uon
390 1278 522 1351 prosunt
537 1271 673 1347 etmihi,
697 1267 805 1348 Galle,
826 1275 949 1330 nocent.

483 1402 644 1463 LXXXIII.

127 1501 224 1560 Raros
237 1500 359 1579 colligis
373 1503 446 1561 hiuc
461 1507 494 1561 et
509 1503 581 1561 hiae
596 1499 727 1581 capillos

126 1585 168 1643 nt
183 1584 277 1645 latum
292 1584 424 1660 nitidae,
446 1586 584 1662 Marine,
605 1583 708 1645 calvae

129 1668 276 1749 Campum
292 1670 483 1748 temporibus
497 1670 577 1747 tegis
593 1671 736 1730 comatis:

129 1750 191 1811 Sed
206 1754 282 1813 moti
296 1753 430 1814 redeunt
444 1754 570 1812 iubente
585 1759 676 1813 rento

104 1835 372 1915 5Reddunturque
388 1838 445 1896 sibi
462 1844 614 1916 caputque
628 1836 742 1897 nudum

130 1920 229 1979 Cirris
244 1920 409 1998 grandibus
423 1921 497 1979 hinc
514 1926 547 1979 et
563 1920 636 1979 inde
652 1922 787 1999 cingunt.
891 1991 893 1996 s

127 2002 213 2061 Inter
228 2003 485 2083 Spendophorum
501 2002 796 2082 'I'elesphorumque

127 2086 232 2164 Cydae
248 2094 330 2145 stare
345 2087 466 2165 putabis
481 2086 699 2145 Ilermeroten.

129 2170 210 2244 Quin
227 2176 261 2228 tu
275 2169 443 2247 simplicius
458 2187 564 2227 senem
579 2168 703 2246 fateris,
826 2182 829 2186 “

88 2252 171 2314 loUt
187 2252 309 2312 taudem
325 2252 458 2311 videaris
474 2271 552 2311 unus
567 2253 659 2310 esse?

128 2335 221 2395 Calvo
236 2337 355 2416 turpius
374 2333 514 2395 estnihil
529 2341 656 2396 comato.

482 2469 644 2530 LXXXIV.

126 2567 268 2646 Miraris,
292 2587 386 2647 qnare
402 2567 565 2628 dormitum
581 2587 642 2627 non
657 2573 708 2627 eat
721 2567 820 2627 Afer?

170 2650 339 2711 Accumbat
354 2672 422 2712 cum
437 2672 511 2731 qua,
535 2651 736 2729 Caediciaue,
759 2649 854 2711 vides
891 2681 893 2686 ·

488 2763 639 2825 LXXXV.

128 2861 191 2919 Iam
208 2860 311 2918 senior
325 2859 433 2918 Ladon
447 2861 616 2921 Tiberinae
630 2866 721 2919 nanta
739 2859 861 2920 carinae

169 2943 311 3002 Proxima
325 2941 449 3003 dilectis
462 2964 535 3004 rura
549 2945 667 3024 paravit
682 2945 778 3023 aquis.

127 3028 214 3103 Quae
230 3046 296 3085 eum
312 3045 405 3105 saepe
419 3046 512 3106 uagus
527 3033 687 3109 premeret
702 3029 894 3088 torrentibus
910 3025 1003 3087 undis

171 3111 276 3170 Tibris
292 3115 325 3169 et
338 3111 468 3170 hiberno
483 3117 643 3191 rumperet
657 3133 726 3171 arva
738 3111 822 3190 lacu,

106 3195 298 3255 5Emeritam
311 3195 455 3273 puppim,
478 3197 544 3275 ripa
560 3214 637 3274 quae
652 3198 753 3256 stabat
766 3197 800 3255 in
818 3196 894 3272 alta,

172 3276 315 3357 Implevit
329 3280 407 3337 saxis
424 3281 629 3358 opposuitque
644 3279 738 3343 vadis.

128 3361 180 3420 Sic
195 3364 303 3421 nlmias
320 3364 431 3421 avertit
446 3382 546 3441 aquas.
581 3365 656 3440 Quis
672 3363 806 3423 credere
818 3362 954 3439 posset&

172 3444 325 3504 Auxilium
343 3445 466 3508 domino
482 3469 587 3511 mersa
600 3450 712 3510 carius
722 3444 815 3505 tul'st.
