2370 3840
305 196 646 260 EPIGRAMMA'I'ON
660 197 734 259 LIB.
753 196 830 260 VIII.
1033 192 1095 261 187

507 398 641 461 XLVIII.

136 511 259 591 Nescit,
283 513 332 573 cui
348 511 473 572 dederit
487 511 614 589 Tyriam
631 509 792 588 Crispinus
807 507 956 590 stollam,

178 596 256 656 Dum
271 603 368 656 mutat
384 595 484 657 cultus
498 593 698 672 induiturque
714 602 824 671 togam.

138 680 282 760 Quisquis
297 681 410 759 habes,
426 679 563 739 humeris
578 696 631 737 sua
644 695 772 737 munera
786 674 903 756 redde,
914 696 1092 757 precamur:

178 762 247 823 Non
261 765 321 825 hoc
337 763 514 845 Crispinus,
535 767 569 821 te
583 760 641 821 sed
653 758 755 821 abolla
769 767 865 839 rogat.

115 846 206 909 5Non
222 849 396 926 quicunque
414 849 496 927 capIt
512 851 662 906 saturatas
673 845 790 905 murice
803 852 924 924 vestes,

178 929 244 991 Nec
257 933 317 991 uisi
332 931 454 991 deliciis
471 931 615 990 convenit
628 931 688 989 iste
704 926 801 993 color.

138 1014 172 1075 Si
185 1019 219 1074 te
233 1014 349 1095 praeda
363 1017 445 1075 iuvat
460 1012 607 1092 foedique
621 1015 740 1073 Insania
753 1012 849 1092 lucrI,

179 1099 246 1175 Qua
258 1100 359 1180 possis
376 1096 487 1160 melius
501 1097 630 1176 fallere,
652 1115 738 1158 sume
751 1103 862 1175 togam.

518 1227 624 1288 XLIX.

135 1340 315 1404 Formosam
328 1361 419 1421 sane,
439 1341 497 1403 sed
510 1360 620 1402 caecus
637 1337 741 1420 diIigit
754 1342 865 1420 Asper.

178 1425 253 1486 I’lus
271 1444 364 1506 ergo,
385 1433 486 1487 utres
502 1431 568 1504 est,
589 1443 678 1502 quam
692 1423 779 1487 videt
792 1424 894 1505 Asper
909 1431 997 1486 amat.

555 1554 589 1613 L.
941 1540 975 1613 a)

138 1659 257 1745 Quanta
273 1669 418 1749 Gigantei
432 1677 620 1731 memoratur
633 1689 739 1730 mensa
751 1669 901 1749 triumphi

181 1752 361 1833 Quantaque
377 1775 437 1815 nox
454 1757 575 1836 superis
591 1755 731 1814 omnibus
746 1750 800 1813 illa
814 1753 889 1831 fuit,

138 1836 204 1912 Qua
220 1839 318 1898 bonus
333 1841 474 1900 accubuit
488 1840 610 1918 genitor
625 1858 694 1898 cum
706 1834 801 1917 plebe
817 1836 946 1898 deorum

180 1921 221 1981 Et
233 1920 324 1981 licuit
336 1923 450 1982 Faunis
463 1940 595 2003 poscere
610 1923 679 1982 vina
694 1921 811 1982 Iovem:

116 2004 242 2064 5'I'anta
255 2013 323 2065 tuas
339 2005 517 2084 celebrant,
539 2007 670 2084 caesar,
692 2005 828 2064 conuiuia
841 2003 963 2080 laurus,

178 2087 361 2149 Exhilarant
374 2091 458 2170 ipsos
473 2088 581 2168 gaudia
595 2094 702 2148 nostra
717 2087 802 2150 deos.

137 2171 283 2234 Vescitur
300 2175 397 2233 omnis
414 2192 510 2254 eques
524 2178 629 2233 tecum
642 2168 837 2252 populusque
850 2176 1037 2251 patresque,

179 2256 222 2316 Et
237 2259 319 2337 capit
335 2259 502 2319 ambrosias
518 2277 586 2318 cum
602 2254 680 2316 duce
695 2253 792 2314 Roma
809 2253 913 2335 dapes.

140 2338 276 2400 Grandia
288 2339 447 2421 pollicitus
462 2348 575 2421 quanto
592 2341 707 2400 maiora
721 2337 851 2399 dedisti!

97 2432 131 2484 10
176 2424 331 2485 Promissa
346 2432 396 2486 est
407 2428 496 2487 nobis
512 2423 666 2505 sportula,
689 2429 776 2484 recta
790 2421 860 2484 data
877 2429 933 2484 est.

554 2569 602 2630 LI.

138 2681 212 2758 Quis
225 2680 314 2742 labor
329 2684 362 2742 in
374 2683 501 2764 phiala?
524 2684 608 2745 docti
622 2686 730 2765 Myos,
754 2703 832 2744 anne
847 2684 1019 2765 Myronos?

180 2764 335 2825 Mentoris
350 2767 427 2827 haec
441 2788 547 2830 manus
565 2774 630 2847 cst,
652 2789 706 2847 an,
727 2765 899 2848 PolycIIte,
919 2769 995 2828 tua?

139 2847 276 2908 Livescit
291 2847 376 2908 nulla
392 2851 521 2931 caligIne
536 2852 639 2932 fusca,
661 2871 720 2913 neo
734 2852 801 2913 odit

180 2931 402 3012 Exploratores
416 2933 522 2996 nubila
536 2956 634 2997 massa
648 2938 745 2999 focos.

117 3015 224 3078 5Vera
237 3017 337 3075 minus
354 3019 431 3077 flavo
447 3019 569 3079 radiant
583 3019 701 3081 electra
717 3019 858 3101 metallo,

67 3158 70 3164 .
181 3100 223 3161 nt
238 3101 361 3160 niveum
373 3101 451 3162 felix
470 3102 592 3182 pustula
604 3105 700 3164 vincit
714 3107 800 3166 ebur.

139 3184 292 3246 Materiae
307 3205 369 3245 nou
384 3184 469 3246 cedit
483 3205 575 3266 opus:
597 3189 642 3248 sic
658 3187 762 3267 alligat
777 3190 900 3266 orbem,

181 3266 317 3330 Plurima
334 3290 402 3330 cum
419 3277 485 3330 tota
498 3268 640 3351 lampade
655 3270 726 3345 luna
740 3273 830 3336 nitet.

142 3350 210 3410 Stat
223 3373 316 3434 caper
333 3354 443 3416 Aeolio
460 3355 603 3415 Thebani
617 3354 737 3416 vellere
754 3356 862 3415 Phrixi

101 3443 135 3496 10
183 3434 307 3499 Cultus:
330 3440 367 3499 ab
382 3440 441 3499 hoc
454 3437 562 3500 mallet
577 3446 664 3500 vecta
678 3439 775 3498 fuisse
790 3456 887 3498 soror.
1049 3410 1132 3584 f
