2370 3840
327 185 666 246 EPIGRAMMATON
679 185 753 246 LlB.
769 185 821 248 Vl.
1037 187 1098 253 13³

143 337 200 399 llle
214 344 302 399 vetus
316 357 373 416 pro
391 343 424 397 te
438 338 617 417 patriusque
633 336 708 416 quid
723 343 811 417 optet
826 339 957 419 amicus,

185 423 301 502 Accipe
319 428 352 481 et
367 422 444 481 baec
458 423 587 481 memori
602 427 732 502 pectore
746 430 817 482 vota
831 428 921 482 tene:

121 508 241 569 olianta
256 507 298 566 sit
314 510 349 565 ut
362 507 476 583 virtus5
497 524 555 565 nec
571 510 602 565 te
616 507 799 565 temerarius
813 506 906 566 ardor

184 591 218 651 lu
233 588 352 650 medios
367 608 457 653 enses
472 608 621 666 saevaque
636 588 700 650 tela
717 589 806 650 ierat.

142 673 231 735 Bella
245 671 343 735 velint
357 674 553 752 Martemque
567 673 668 734 ferum
680 674 810 733 rationis
826 681 970 755 egentes,

185 758 234 819 Tu
248 762 338 838 potes
356 764 389 818 et
402 759 498 838 patris
515 756 604 818 miles
620 765 653 819 et
667 776 736 818 esse
752 755 847 818 ducis.

522 892 630 954 XXVl.

140 986 341 1050 Periclitatur
355 991 456 1070 capite
471 988 602 1050 Sotades
616 996 732 1051 noster.

141 1073 239 1134 Reum
255 1075 370 1154 putatis
385 1093 454 1134 esse
471 1073 630 1134 Sotaden?
652 1082 785 1136 nonest.

140 1158 289 1237 Arrigere
305 1155 386 1218 desit
400 1176 492 1237 posse
508 1157 654 1218 Sotades:
675 1157 777 1239 llngit.

513 1291 635 1354 XXVll.

139 1388 191 1447 Ris
206 1388 306 1447 vicine
321 1387 425 1467 Nepos
440 1423 481 1435 -
494 1408 564 1448 nam
579 1394 613 1447 tu
628 1407 750 1467 quoque
763 1388 902 1467 proxima
913 1388 1026 1452 Florae

181 1469 294 1530 Incolis
308 1476 341 1530 et
355 1476 479 1531 veteres
496 1477 530 1532 tu
545 1490 667 1550 quoque
681 1471 816 1533 Ficelias
830 1508 874 1520 -

139 1557 197 1617 Est
212 1555 284 1632 tibi,
307 1574 384 1635 quae
398 1556 499 1635 patria
517 1557 656 1635 signatur
673 1558 806 1636 imagine
818 1554 936 1637 voltus,

183 1639 288 1699 'l'estis
303 1644 459 1699 maternae
474 1645 546 1700 nata
559 1639 735 1719 pudicitiae.

119 1722 191 1784 5'l'u
205 1728 308 1783 tamen
324 1743 438 1784 annoso
453 1725 579 1783 nimium
593 1742 633 1784 ne
647 1744 740 1806 parce
753 1724 904 1806 Falerno,

180 1808 222 1866 Et
235 1809 338 1887 potius
352 1806 463 1887 plenos
481 1826 553 1868 aere
571 1808 716 1887 relinque
732 1809 833 1871 cados.

141 1890 188 1950 Sit
202 1892 270 1971 pia,
290 1893 331 1950 sit
345 1890 503 1971 locuples,
526 1891 582 1952 sed
598 1899 688 1973 potet
702 1893 767 1952 iilia
780 1900 928 1954 mustumt

179 1975 336 2053 Amphora
351 1994 419 2035 cum
435 1974 557 2034 domina
572 1996 652 2036 nunc
666 1997 744 2037 nova
757 1977 812 2038 liat
826 1998 908 2039 anus.

138 2058 280 2118 Caecuba
293 2077 355 2117 non
369 2056 453 2117 solos
469 2057 624 2118 vindemia
636 2061 754 2120 nutriat
768 2063 876 2121 orbos:

95 2152 129 2205 10
178 2142 312 2201 Possunt
326 2147 359 2201 et
373 2147 480 2221 patres
494 2141 615 2220 vivere,
636 2142 730 2202 crede
744 2144 828 2205 mihi.

503 2274 639 2338 XXVlll.

137 2374 284 2435 Libertus
300 2374 443 2436 Melioris
457 2372 515 2436 ille
530 2382 636 2452 notus,

138 2458 218 2518 Tota
233 2459 286 2537 qul
300 2459 414 2521 cecidit
427 2459 553 2522 dolente
567 2460 679 2539 Roma,

137 2541 208 2602 Gari
224 2542 353 2605 deliciae
368 2546 479 2606 breves
493 2548 634 2625 patroni,

135 2625 203 2686 Hoc
222 2629 277 2687 sub
293 2647 445 2689 marmore
461 2629 602 2690 Glaucias
616 2631 757 2689 humatus

113 2710 242 2771 oluncto
256 2711 427 2773 Flaminiae
441 2714 523 2774 iacet
538 2712 699 2794 sepulcro:

138 2794 248 2854 Castus
263 2798 416 2875 moribus,
438 2798 561 2876 integer
576 2796 713 2876 pudore,

139 2876 239 2940 Velox
254 2879 393 2959 ingenio,
416 2880 531 2942 decore
547 2881 630 2942 felix.

137 2961 191 3023 Bis
206 2964 289 3022 senis
304 2962 394 3024 modo
410 2967 560 3026 messibus
576 2966 711 3045 peractis

135 3045 196 3108 Vix
210 3065 303 3106 unum
317 3066 396 3127 puer
411 3048 585 3130 applicabat
600 3069 718 3111 annum.

96 3140 127 3192 10
134 3129 193 3206 Qui
206 3131 263 3191 fles
277 3130 369 3210 talia,
391 3130 436 3192 nil
452 3134 544 3211 fleas,
566 3135 673 3194 viator.

519 3267 628 3330 XXIX.

136 3360 206 3421 Non
220 3362 260 3423 de
275 3363 370 3445 plebe
386 3364 511 3443 domus,
531 3384 591 3426 uec
605 3385 712 3427 avarae
728 3385 824 3428 verna
838 3370 988 3446 catastae,

178 3446 240 3507 Sed
256 3447 371 3508 domini
385 3456 490 3510 sancto
509 3448 618 3529 dignus
633 3469 846 3531 umorepuer,
