2370 3840
339 174 679 238 EPIGRAMMATON
691 175 766 237 LIB.
783 177 805 240 Ι.
1051 173 1090 238 15

134 330 266 391 Bistam
283 346 384 408 paene
401 328 460 387 tibi
474 323 582 386 consul
597 327 772 387 tricesimus
786 327 897 405 instat,

176 414 218 475 lat
235 417 378 473 numerat
390 430 505 492 paucos
520 412 569 470 viu
583 416 635 470 tua
648 412 710 470 vita
725 408 801 471 dies.

110 498 204 560 5No'n
219 499 300 557 bene
316 493 476 573 distuleris
491 493 596 554 videas
613 492 695 572 qnod
708 512 801 573 posse
815 495 938 572 negari,

176 582 218 641 Et
232 579 330 641 solum
345 580 406 639 hoc
422 577 532 656 ducas,
555 576 638 657 quod
651 576 730 655 fuit,
753 596 822 638 esse
836 585 931 642 tunm.

133 667 309 746 Expectant
323 680 478 742 curaeque
493 662 689 740 catenatique
702 660 844 740 labores,

178 747 299 811 Gaudia
312 767 376 807 non
391 751 570 824 remanent,
588 745 650 804 ‘sed
664 744 793 824 IugItiva
806 744 920 805 volant.

133 834 221 894 Haec
235 838 367 912 utraque
382 850 473 890 manu
488 827 711 911 complexuque
726 847 831 890 ansere
846 834 929 888 toto:

93 928 126 981 10
176 916 276 998 Saepe
290 917 390 976 tinent
401 916 462 974 Imo
477 915 522 974 sic
538 931 659 992 quoque
673 912 761 994 lapsa
774 914 852 974 sinu.

133 1001 203 1062 Non
221 1006 286 1078 est,
310 998 405 1060 crede
419 998 512 1075 mihi,
534 998 683 1078 saPIentIs
699 995 805 1057 dicere
820 995 986 1075 „Vivam:“

178 1085 255 1146 Sera
268 1084 360 1144 nimis
374 1084 435 1142 vita
450 1087 499 1142 est
513 1082 661 1141 crastiua:
681 1082 749 1142 vire
762 1080 866 1145 hche.

531 1216 612 1280 XVI.

137 1331 216 1392 Sunt
229 1331 326 1407 bona,
348 1336 420 1391 sunt
435 1329 584 1412 quaedam
598 1329 782 1406 mediocria,
805 1334 877 1389 sunt
891 1327 971 1388 mala
981 1327 1071 1408 plura

177 1415 263 1492 Quae
276 1413 357 1492 legis
371 1414 437 1474 hic:
461 1412 551 1474 rIIter
565 1432 627 1473 non
641 1415 693 1491 nt,
716 1414 823 1491 Avite,
843 1410 933 1476 liber.

521 1548 615 1610 XVII.

135 1661 228 1740 (iogIt
240 1626 290 1719 rire
306 1659 397 1720 Titus
413 1663 541 1721 actitare
557 1679 661 1721 causas

134 1745 176 1805 nt
190 1743 268 1805 dicit
282 1744 358 1803 mihi
375 1762 468 1824 saepe
482 1746 618 1823 „Magna
631 1762 683 1804 res
699 1742 780 1804 cst.“

133 1829 197 1889 Res
213 1846 323 1933 magna
337 1834 402 1905 est,
421 1830 511 1907 Tite,
533 1849 623 1909 qnam
637 1828 713 1888 IacIt
727 1824 864 1891 colonus.

520 1941 626 2003 XVIII.

20 2004 58 2083 V
139 2037 224 2118 QuId
239 2044 288 2117 te,
308 2039 430 2117 Tucca,
452 2040 534 2100 iuvat
546 2039 649 2100 vetulo
663 2041 795 2099 miscere
806 2036 940 2098 Falerno

177 2123 212 2182 In
230 2122 387 2184 Vaticanis
402 2123 526 2184 condita
540 2130 638 2183 musta
653 2124 761 2184 cadis?

138 2206 220 2285 Quid
232 2211 351 2266 tantum
366 2207 473 2268 fecere
487 2209 560 2267 boni
576 2208 633 2268 tibi
649 2207 782 2288 pessima
795 2206 887 2265 vina‘t

178 2292 242 2351 Aut
258 2289 333 2370 quid
347 2291 491 2351 fecerunt
506 2293 621 2373 optima
633 2293 703 2351 vina
716 2288 812 2350 mali?

115 2374 184 2436 ane
200 2375 290 2434 nobis
305 2374 398 2435 facilc
413 2380 478 2454 est,
500 2375 601 2436 scelus
616 2381 665 2436 est
677 2373 817 2454 iugulare
831 2371 998 2433 Falernum
1046 2414 1051 2429 ι

178 2459 220 2520 Et
237 2456 312 2517 dare
328 2460 481 2540 campano
499 2463 599 2520 toxica
613 2479 702 2521 saeva
716 2458 801 2519 cado.

137 2543 291 2604 convivae
306 2561 448 2604 meruere
465 2545 510 2604 tui
523 2545 656 2605 fortasse
670 2546 791 2625 perire:

181 2627 340 2713 Amphora
356 2647 418 2687 non
433 2631 545 2688 meruit
558 2634 621 2689 tam
637 2630 775 2710 pretiosa
792 2628 879 2687 mort.

536 2763 617 2826 XIX.
634 2788 637 2793 ·

140 2873 175 2934 Si
189 2874 333 2951 memini,
355 2874 482 2935 fuerant
495 2876 551 2934 tibi
568 2880 730 2955 quattuor,
751 2871 857 2950 Aelia,
879 2870 1003 2932 dentes:

181 2956 308 3038 Expulit
321 2977 382 3017 una
397 2957 474 3021 duos
488 2959 581 3018 tussis
596 2967 629 3019 et
643 2979 703 3018 una
718 2956 804 3018 dnos.

139 3042 202 3103 Iam
216 3059 325 3102 secura
338 3047 428 3122 potes
441 3043 516 3103 totis
531 3045 645 3103 tussire
660 3042 785 3102 diebus:

136 3120 140 3129 '
181 3122 234 3186 Nil
247 3126 319 3185 istic
335 3125 417 3204 quod
432 3132 501 3205 agat
512 3127 608 3187 tertia
622 3127 714 3186 tussis
728 3127 831 3185 habet.

456 3254 460 3261 '
539 3240 606 3301 XX.

138 3339 198 3400 nn
211 3339 304 3417 mihi,
326 3340 394 3418 quis
407 3330 495 3399 furor
510 3340 581 3399 est?
602 3340 693 3398 turba
707 3341 866 3417 spectante
879 3339 985 3394 vocata

184 3421 276 3483 Salus
290 3421 431 3501 boletos,
454 3419 646 3497 caeciliane,
667 3440 765 3480 voras.
