2370 3840
188 309 195 315 q
317 217 657 280 EPIGRAMMATON
670 219 742 281 LlB.
758 221 823 283 Xll.

138 372 217 431 llum
231 387 290 448 per
303 368 410 429 limine
424 375 457 430 te
471 372 681 450 potentiorum

116 451 285 516 5Sudutrix
300 457 372 530 toga
384 453 514 514 ventilat
527 473 695 531 vagumque

137 537 239 596 Maior
259 534 383 596 coelius
399 543 431 596 et
444 538 544 597 minor
559 538 703 615 fatigent:

93 657 95 660 ⁴
138 621 192 679 Me
207 616 319 678 multoe
334 621 470 698 repetitu
483 627 554 700 post
568 620 755 680 Decembre·

136 703 267 781 Accepit
280 721 348 762 mee
363 705 572 782 rusticumque
587 705 664 764 feeit

136 788 220 845 Auro
236 783 358 846 Bilbilis
374 793 406 845 et
421 789 553 867 superbo
566 789 662 849 ferro.

95 881 127 932 10
135 868 194 929 Hie
209 870 290 949 pigri
304 868 432 930 nolimus
445 869 551 931 laboro
567 869 650 931 dulci

137 953 307 1013 Boterdum
322 953 537 1034 Pluteemque3
558 953 726 1016 Celtiberis

136 1038 222 1096 Haeo
238 1042 310 1096 sunt
323 1040 447 1098 nomine
462 1039 614 1098 creerioru
629 1039 731 1098 terrie.

137 1121 258 1198 lugenti
273 1120 361 1181 fruor
375 1122 578 1202 improboque
592 1142 715 1199 somno,

137 1206 235 1280 Quem
250 1222 308 1265 nec
321 1206 416 1265 tertio
431 1224 524 1286 reepe
539 1208 653 1287 rumpit
667 1207 760 1283 hore,

95 1298 126 1350 15
133 1288 175 1349 lit
188 1294 287 1348 totum
301 1289 376 1348 milri
387 1309 468 1348 nunc
482 1308 616 1370 repono,
640 1287 788 1367 quidquid

135 1371 200 1430 Ter
215 1370 311 1431 denos
325 1371 518 1450 vigilaveram
532 1390 589 1451 per
603 1390 706 1431 annos.

134 1456 241 1534 Ignoto
255 1464 304 1514 eet
319 1462 404 1533 toga,
427 1452 484 1514 sed
498 1454 587 1514 detur
600 1456 721 1535 petenti

136 1539 238 1618 Rupta
251 1540 389 1618 proximu
403 1539 498 1599 vestis
514 1560 531 1598 u
547 1537 702 1599 cathedre.

137 1622 321 1701 Surgentem
337 1622 423 1682 loeus
439 1624 554 1702 exeipit
569 1624 701 1702 superbe

95 1707 238 1770 20Vieini
253 1713 338 1766 strue
354 1704 455 1767 cultus
470 1705 584 1784 iliceti,

135 1788 237 1851 Multo
251 1787 341 1850 vilico
356 1809 447 1868 quem
462 1795 589 1850 coronet
604 1787 674 1849 ollu.

135 1875 273 1936 Venator
288 1876 444 1952 sequitur,
468 1873 524 1933 red
537 1872 591 1933 ille
607 1890 696 1951 quem
712 1877 747 1932 tu

136 1958 263 2018 Secreta
280 1959 383 2036 cupiat
396 1958 513 2016 hebere
528 1955 612 2019 silva.

134 2041 299 2121 Dirpensut
313 2042 418 2120 pueris
434 2045 584 2118 rogetque
597 2035 707 2116 longos

93 2134 126 2186 25
134 2125 225 2185 Levis
241 2142 360 2204 ponere
374 2122 483 2183 vilicus
500 2118 638 2201 capillos.

136 2209 188 2269 Sie
202 2227 251 2267 me
267 2209 388 2285 vivere,
410 2209 455 2267 rie
469 2208 551 2266 iuvet
564 2206 680 2285 perire.

533 2338 612 2398 XIX.

135 2457 169 2516 ln
183 2457 313 2517 thermis
328 2455 421 2515 sumit
433 2452 585 2530 lactucas,
605 2471 675 2528 ovo,
696 2447 864 2528 lacertum,

176 2539 217 2600 nt
231 2558 342 2600 cenare
362 2538 444 2598 domi
459 2556 493 2597 ee
507 2541 600 2614 neget
615 2531 772 2596 Aemilius.

538 2669 603 2730 XX.

137 2781 239 2856 Quare
253 2800 315 2841 non
329 2782 456 2863 hubert,
478 2781 625 2860 Fabulle,
649 2780 771 2858 quaerit

135 2868 271 2928 Uxorem
287 2864 479 2926 Themison?
500 2867 596 2927 hebet
611 2881 760 2925 sororem.

531 2999 602 3059 XXI

137 3108 328 3188 Municipem
341 3106 435 3185 rigidi
450 3109 517 3186 quis
531 3113 580 3185 te,
602 3104 769 3185 Marcello,
791 3104 913 3168 Solunte

177 3194 219 3253 Et
233 3192 368 3270 genitum
380 3191 495 3249 nostrie
512 3190 579 3268 quie
592 3195 682 3269 putet
694 3209 763 3250 esee
778 3187 880 3249 loeis?

138 3276 214 3336 'lum
230 3294 350 3352 rerum,
373 3271 441 3332 dum
457 3270 546 3331 duloe
561 3273 659 3352 rapis3
681 3271 799 3332 Palatio
814 3270 934 3347 dicent,

183 3358 350 3419 Audierint
364 3357 390 3415 si
405 3361 438 3416 te
454 3353 505 3415 vel
517 3353 630 3434 semel,
652 3375 721 3416 esee
739 3374 831 3415 suum.

119 3440 235 3508 5Nulln
248 3461 307 3502 neo
321 3443 354 3501 in
367 3438 468 3500 medin
484 3437 874 3507 remunerationum„
