2370 3840
351 213 686 276 EPIGRAMMATON
699 217 773 277 LIB.
787 215 825 279 V.
1053 214 1112 282 127

156 370 245 429 Lassi
259 390 408 430 marmora
424 370 547 449 Sisyphi
565 368 698 446 videbit,

159 455 256 529 Quem
273 455 413 513 censoria
429 473 497 512 cum
512 473 580 513 meo
595 453 710 513 Severo

159 538 248 596 Docti
263 535 336 596 lima
351 537 554 597 momorderit
572 535 714 597 Secundi.

525 669 660 731 LXXXI.

158 785 286 865 Semper
303 803 418 865 pauper
433 785 512 857 erm,
534 786 560 845 si
575 769 692 864 pauper
708 801 757 860 es,
778 782 957 846 Aemiliane.

200 870 317 932 Dantur
331 886 406 946 opes
423 869 497 931 nulli
513 888 593 928 nunc
608 869 668 947 nisi
685 867 839 934 divitibus.

521 1002 669 1065 LXXXII.

159 1122 240 1199 Qatd
254 1123 457 1202 promittebas
474 1123 549 1182 milri
564 1120 664 1199 milia,
687 1120 807 1200 Gauro,
829 1120 977 1199 ducenta,

202 1207 234 1267 Si
250 1206 324 1266 dare
338 1226 399 1266 non
414 1213 539 1287 poteras
553 1205 654 1283 milla,
675 1204 795 1284 Gauro,
818 1203 948 1265 ‹leoem‘t

158 1291 206 1351 An
221 1298 311 1371 potes
326 1297 358 1350 et
373 1311 433 1350 non
448 1291 515 1350 ria?
543 1290 646 1368 Rogo,
669 1309 730 1348 non
745 1295 794 1350 est
808 1291 929 1369 turpius
947 1287 1051 1349 istud?

200 1376 228 1453 I,
252 1376 309 1434 tibi
323 1374 499 1455 dispereas,
522 1374 640 1435 Gauro:
660 1373 790 1453 pualllus
804 1374 895 1433 lromo
911 1391 953 1434 es.

512 1508 671 1569 LXXXIII.

157 1622 351 1703 insequens,
365 1625 467 1703 fugio;
481 1625 578 1702 fugis,
597 1626 761 1702 insequor3
775 1622 852 1683 haec
865 1621 939 1682 milri
950 1640 1036 1682 mena
1048 1625 1111 1682 eat=

199 1706 290 1770 Velle
305 1715 389 1769 tuum
405 1707 495 1788 nolo,
517 1706 686 1787 Dindyme‚
708 1705 793 1767 nolle
807 1703 886 1768 rolo.

516 1842 679 1908 LXXXIV·
733 1842 737 1846 ⁴

155 1954 216 2013 Iam
232 1955 330 2014 tristis
346 1957 475 2015 nucibus
490 1972 569 2035 puer
584 1953 705 2015 relictis

155 2035 295 2097 Clamoso
310 2045 473 2099 revocatur
488 2060 504 2098 a
519 2039 679 2116 magistro,

153 2120 195 2180 nt
209 2119 321 2182 blundo
337 2121 415 2182 male
430 2121 572 2202 proditus
584 2119 713 2202 fritillo,

155 2204 276 2264 Arcana
291 2205 381 2266 modo
397 2212 503 2286 raptus
519 2225 536 2266 e
551 2207 680 2286 popina,

133 2287 300 2350 orledilem
315 2297 403 2369 roget
417 2290 495 2350 udus
509 2290 635 2350 aleator.

156 2372 328 2433 Saturnalia
342 2376 496 2435 transiere
510 2381 592 2451 tota,

154 2456 219 2517 Neo
236 2458 412 2518 munuscula
425 2479 531 2539 parva,
553 2477 612 2518 neo
629 2459 748 2518 minora

155 2541 271 2602 Misisti
286 2543 376 2620 milri,
399 2542 503 2622 Galla,
527 2563 616 2621 quam
631 2540 762 2603 solebas.

156 2624 236 2685 Sane
252 2627 295 2686 sio
310 2628 399 2687 abeat
414 2647 499 2687 meus
515 2629 696 2689 December.

155 2708 222 2768 Scir
237 2715 339 2789 certe,
361 2718 451 2790 puto,
472 2719 574 2772 vestra
589 2713 648 2771 iam
665 2711 771 2771 venire

111 2801 148 2854 10
155 2791 344 2870 Saturnalia,
364 2794 494 2855 Martias
508 2795 670 2856 Kalendas.

156 2875 245 2937 Tune
260 2875 386 2938 reddam
401 2880 475 2957 tibI,
497 2878 601 2958 Galla,
624 2878 707 2958 quod
722 2876 845 2940 dedisti.

496 3109 681 3122 ...ιι-’.α
