2370 3840
422 187 466 251 M.
482 186 575 250 VAL.
591 186 818 248 MARTIALIS

566 389 672 450 LXIII.

183 512 256 576 Sola
270 513 331 573 tibi
343 511 469 570 fuerant
483 512 644 588 sestertia,
665 507 813 586 Milicho,
836 513 977 586 centum,

225 599 311 675 Quae
325 592 399 654 tulit
413 612 431 653 e
446 613 534 653 sacra
548 593 634 654 Leda
648 591 811 674 redempta
825 593 882 653 via.

123 725 130 737 .
181 681 328 758 Miliche,
349 677 471 739 luxuria
486 685 551 756 est,
573 679 600 738 si
614 679 693 738 tanti
707 677 793 738 dires
808 694 936 740 amares.

225 767 316 845 „Nou
330 763 420 824 amo“
434 763 495 822 iam
509 761 610 822 dicer:
633 763 711 823 haee
725 779 847 841 quoque
858 758 980 821 luxuria
998 769 1058 826 est.

563 923 670 987 LXIV.

182 1044 261 1104 Dum
274 1040 366 1102 modo
382 1040 585 1118 causidicum,
608 1040 680 1101 dum
693 1048 727 1102 te
741 1040 832 1101 modo
847 1041 976 1103 rhetora
990 1044 1082 1124 lingis

224 1129 267 1188 Et
280 1147 343 1187 non
359 1124 521 1203 decernis,
542 1125 662 1203 Laure,
685 1124 760 1205 quid
776 1144 846 1186 esse
861 1124 955 1205 velis,

181 1210 296 1272 Peleos
312 1216 345 1270 et
357 1210 474 1270 Priami
489 1208 602 1269 transit
616 1215 649 1270 et
660 1209 803 1270 Nestoris
819 1216 903 1271 aetas

224 1297 266 1356 Et
278 1295 383 1355 fuerat
398 1313 502 1354 serum
515 1295 575 1354 iam
590 1295 650 1354 tibi
663 1293 818 1357 desinere.

161 1381 306 1460 alncipe,
328 1385 395 1439 tres
410 1398 471 1438 uno
484 1379 649 1458 perierunt
662 1380 808 1440 rhetores
824 1399 920 1457 anno,

224 1464 259 1524 Si
274 1462 349 1542 quid
362 1463 459 1523 habes
474 1465 583 1540 enlmi,
606 1464 633 1522 si
646 1462 722 1543 quid
735 1465 768 1523 in
784 1471 851 1523 arte
867 1460 961 1524 vales.

183 1547 217 1607 Si
231 1546 337 1607 schola
353 1546 529 1624 damnatur,
551 1547 620 1607 lora
633 1547 740 1608 litibus
757 1549 858 1608 omnia
871 1549 1013 1626 fervent,

225 1631 296 1711 lpse
309 1636 416 1710 potest
428 1631 500 1690 fieri
514 1630 641 1691 Marsua
656 1632 836 1694 causidicus.

180 1715 238 1776 Eia
253 1733 326 1793 age,
348 1732 458 1794 rumpe
473 1734 592 1774 moras:
616 1734 675 1793 quo
691 1721 724 1775 te
739 1717 930 1796 sperabimus
942 1716 1066 1796 usque?

141 1809 175 1861 10
223 1799 303 1859 Dum
318 1797 393 1878 quid
409 1800 452 1857 sis
468 1797 607 1876 dubitas,
629 1801 689 1858 iam
707 1807 797 1879 potes
816 1820 886 1861 esse
900 1799 989 1861 nihil.

571 1950 665 2015 LXV.

183 2066 247 2126 Gur
260 2065 432 2125 tristiorem
449 2065 603 2126 cernimus
614 2064 813 2127 Saleianum?

181 2150 252 2229 „An
268 2169 357 2209 causa
368 2147 446 2210 levis
462 2151 556 2210 estam
570 2152 689 2230 inquis,
710 2146 830 2230 „extuli
846 2149 1006 2214 uxorem.“

182 2237 208 2295 0
225 2233 342 2313 grande
355 2234 413 2294 fati
428 2236 559 2295 crimen!
582 2253 738 2313 ogravem
754 2234 871 2293 casum!

181 2317 254 2397 Illa,
275 2316 331 2378 illa
345 2317 431 2378 dites
444 2325 566 2379 mortua
580 2325 629 2378 est
644 2315 839 2392 Secundilla,

161 2404 324 2464 5Gentena
340 2400 466 2464 deciens
483 2420 560 2480 quae
575 2403 633 2462 tibi
648 2400 736 2462 dedit
750 2399 855 2460 dotis?

181 2484 304 2546 Nollem
319 2483 484 2545 accidisset
501 2485 560 2545 hoc
576 2485 650 2563 tibi,
672 2483 824 2566 Saleiane.

567 2651 674 2713 LXVI.

182 2765 269 2826 Unus
284 2763 324 2825 de
338 2772 404 2827 toto
420 2771 603 2847 peccaverat
618 2767 695 2826 orbe
710 2784 864 2825 comarum

225 2848 360 2928 Anulus,
382 2852 503 2911 incerta
516 2870 579 2910 uon
593 2851 673 2910 bene
690 2850 768 2909 fixus
784 2870 847 2910 acu.

181 2935 251 2995 Hoc
265 2935 385 2995 faeiuus
397 2932 529 3013 Lalage,
551 2933 678 3014 speculo
699 2932 783 3014 quod
799 2933 938 3012 viderat,
958 2930 1024 2992 ultr
1039 2937 1091 2993 est

223 3019 265 3078 Et
282 3018 396 3079 cecidit
410 3020 508 3079 saevis
522 3020 585 3080 icta
597 3018 729 3079 Plecusa
743 3019 846 3078 comis,

161 3102 299 3163 ollesine
314 3103 388 3180 iam,
410 3102 541 3182 Lalage,
562 3105 670 3164 tristes
686 3121 798 3164 ornare
813 3100 962 3182 capillos,

225 3187 346 3265 Tangat
361 3194 394 3247 et
408 3188 548 3247 insanum
562 3186 648 3248 nulla
662 3185 769 3268 puella
786 3193 886 3266 caput.

180 3271 248 3331 Hoc
264 3269 457 3332 salamandra
470 3277 559 3331 notet
572 3271 622 3331 vel
639 3289 729 3331 saeva
741 3270 890 3331 novacula
902 3265 1015 3344 nudet,

221 3355 264 3416 Ut
279 3355 371 3436 dIgna
385 3352 513 3438 speculo
528 3357 583 3415 liat
596 3358 695 3433 imago
709 3361 772 3415 tuo.
