<?xml version="1.0" encoding="UTF-8"?>
<!DOCTYPE html PUBLIC "-//W3C//DTD XHTML 1.0 Transitional//EN"
    "http://www.w3.org/TR/xhtml1/DTD/xhtml1-transitional.dtd">
<html xmlns="http://www.w3.org/1999/xhtml" xml:lang="en" lang="en">
 <head>
  <title>
</title>
<meta http-equiv="Content-Type" content="text/html;charset=utf-8" />
  <meta name='ocr-system' content='tesseract 3.04.00' />
  <meta name='ocr-capabilities' content='ocr_page ocr_carea ocr_par ocr_line ocrx_word'/>
</head>
<body>
  <div class='ocr_page' id='page_1' title='image "./epigrammatonlib00schngoog_0194.png"; bbox 0 0 2370 3840; ppageno 0'>
   <div class='ocr_carea' id='block_1_1' title="bbox 287 174 1072 284">
    <p class='ocr_par' dir='ltr' id='par_1_1' title="bbox 287 174 1072 284">
     <span class='ocr_line' id='line_1_1' title="bbox 287 174 1072 284; baseline -0.004 0"><span class='ocrx_word' id='word_1_1' title='bbox 287 217 712 284; x_wconf 78' lang='lat' dir='ltr'>nrromumaronma.</span> <span class='ocrx_word' id='word_1_2' title='bbox 729 217 805 281; x_wconf 90' lang='lat' dir='ltr'>vm.</span> <span class='ocrx_word' id='word_1_3' title='bbox 995 174 1072 282; x_wconf 69' lang='lat' dir='ltr'>&#39;aas</span> 
     </span>
    </p>
   </div>
   <div class='ocr_carea' id='block_1_2' title="bbox 483 417 621 482">
    <p class='ocr_par' dir='ltr' id='par_1_2' title="bbox 483 417 621 482">
     <span class='ocr_line' id='line_1_2' title="bbox 483 417 621 482; baseline 0.014 -2"><span class='ocrx_word' id='word_1_4' title='bbox 483 417 621 482; x_wconf 81' lang='lat' dir='ltr'><strong>XXXIX.</strong></span> 
     </span>
    </p>
   </div>
   <div class='ocr_carea' id='block_1_3' title="bbox 92 533 933 1035">
    <p class='ocr_par' dir='ltr' id='par_1_3' title="bbox 92 533 933 1035">
     <span class='ocr_line' id='line_1_3' title="bbox 115 533 780 615; baseline -0.008 -20"><span class='ocrx_word' id='word_1_5' title='bbox 115 536 174 613; x_wconf 77' lang='lat' dir='ltr'>Qui</span> <span class='ocrx_word' id='word_1_6' title='bbox 188 534 344 594; x_wconf 75' lang='lat' dir='ltr'>Palatinae</span> <span class='ocrx_word' id='word_1_7' title='bbox 363 538 489 615; x_wconf 88' lang='lat' dir='ltr'>caperet</span> <span class='ocrx_word' id='word_1_8' title='bbox 507 533 644 592; x_wconf 85' lang='lat' dir='ltr'>convivia</span> <span class='ocrx_word' id='word_1_9' title='bbox 656 549 780 591; x_wconf 89' lang='lat' dir='ltr'>mensae</span> 
     </span>
     <span class='ocr_line' id='line_1_4' title="bbox 157 612 888 697; baseline -0.007 -18"><span class='ocrx_word' id='word_1_10' title='bbox 157 620 397 697; x_wconf 77' lang='lat' dir='ltr'>Ambrosiasque</span> <span class='ocrx_word' id='word_1_11' title='bbox 412 617 523 697; x_wconf 88' lang='lat' dir='ltr'>dapes,</span> <span class='ocrx_word' id='word_1_12' title='bbox 544 635 606 676; x_wconf 93' lang='lat' dir='ltr'>non</span> <span class='ocrx_word' id='word_1_13' title='bbox 622 621 689 675; x_wconf 88' lang='lat' dir='ltr'>erat</span> <span class='ocrx_word' id='word_1_14' title='bbox 704 620 775 675; x_wconf 90' lang='lat' dir='ltr'>ante</span> <span class='ocrx_word' id='word_1_15' title='bbox 790 612 888 675; x_wconf 87' lang='lat' dir='ltr'>locus.</span> 
     </span>
     <span class='ocr_line' id='line_1_5' title="bbox 115 700 933 778; baseline -0.004 -15"><span class='ocrx_word' id='word_1_16' title='bbox 115 704 176 763; x_wconf 84' lang='lat' dir='ltr'>llic</span> <span class='ocrx_word' id='word_1_17' title='bbox 190 704 316 762; x_wconf 89' lang='lat' dir='ltr'>haurire</span> <span class='ocrx_word' id='word_1_18' title='bbox 331 700 424 762; x_wconf 89' lang='lat' dir='ltr'>decet</span> <span class='ocrx_word' id='word_1_19' title='bbox 441 720 577 778; x_wconf 89' lang='lat' dir='ltr'>sacrum,</span> <span class='ocrx_word' id='word_1_20' title='bbox 601 700 803 777; x_wconf 85' lang='lat' dir='ltr'>Germanice,</span> <span class='ocrx_word' id='word_1_21' title='bbox 825 704 933 760; x_wconf 85' lang='lat' dir='ltr'>nectar</span> 
     </span>
     <span class='ocr_line' id='line_1_6' title="bbox 156 783 757 866; baseline -0.007 -20"><span class='ocrx_word' id='word_1_22' title='bbox 156 786 199 846; x_wconf 79' lang='lat' dir='ltr'>Et</span> <span class='ocrx_word' id='word_1_23' title='bbox 216 786 415 866; x_wconf 81' lang='lat' dir='ltr'>Ganymedea</span> <span class='ocrx_word' id='word_1_24' title='bbox 427 783 538 865; x_wconf 91' lang='lat' dir='ltr'>pocula</span> <span class='ocrx_word' id='word_1_25' title='bbox 551 785 644 844; x_wconf 77' lang='lat' dir='ltr'>mista</span> <span class='ocrx_word' id='word_1_26' title='bbox 658 803 757 843; x_wconf 91' lang='lat' dir='ltr'>manu.</span> 
     </span>
     <span class='ocr_line' id='line_1_7' title="bbox 92 867 831 948; baseline -0.009 -17"><span class='ocrx_word' id='word_1_27' title='bbox 92 869 302 948; x_wconf 66' lang='lat' dir='ltr'>blismodis,</span> <span class='ocrx_word' id='word_1_28' title='bbox 325 890 397 948; x_wconf 88' lang='lat' dir='ltr'>oro,</span> <span class='ocrx_word' id='word_1_29' title='bbox 419 888 506 929; x_wconf 86' lang='lat' dir='ltr'>serus</span> <span class='ocrx_word' id='word_1_30' title='bbox 525 870 648 929; x_wconf 85' lang='lat' dir='ltr'>conviva</span> <span class='ocrx_word' id='word_1_31' title='bbox 664 867 831 928; x_wconf 78' lang='lat' dir='ltr'>Tonantis:</span> 
     </span>
     <span class='ocr_line' id='line_1_8' title="bbox 156 951 823 1035; baseline -0.004 -22"><span class='ocrx_word' id='word_1_32' title='bbox 156 955 198 1013; x_wconf 89' lang='lat' dir='ltr'>At</span> <span class='ocrx_word' id='word_1_33' title='bbox 214 960 246 1013; x_wconf 91' lang='lat' dir='ltr'>tn</span> <span class='ocrx_word' id='word_1_34' title='bbox 260 955 286 1013; x_wconf 93' lang='lat' dir='ltr'>si</span> <span class='ocrx_word' id='word_1_35' title='bbox 300 973 465 1035; x_wconf 88' lang='lat' dir='ltr'>properas,</span> <span class='ocrx_word' id='word_1_36' title='bbox 487 952 640 1034; x_wconf 90' lang='lat' dir='ltr'>luppiter,</span> <span class='ocrx_word' id='word_1_37' title='bbox 660 953 727 1032; x_wconf 88' lang='lat' dir='ltr'>ipsc</span> <span class='ocrx_word' id='word_1_38' title='bbox 743 951 823 1011; x_wconf 80' lang='lat' dir='ltr'>veni.</span> 
     </span>
    </p>
   </div>
   <div class='ocr_carea' id='block_1_4' title="bbox 521 1087 584 1149">
    <p class='ocr_par' dir='ltr' id='par_1_4' title="bbox 521 1087 584 1149">
     <span class='ocr_line' id='line_1_9' title="bbox 521 1087 584 1149; baseline 0.032 -2"><span class='ocrx_word' id='word_1_39' title='bbox 521 1087 584 1149; x_wconf 87' lang='lat' dir='ltr'>XL.</span> 
     </span>
    </p>
   </div>
   <div class='ocr_carea' id='block_1_5' title="bbox 91 1184 817 1684">
    <p class='ocr_par' dir='ltr' id='par_1_5' title="bbox 111 1184 817 1516">
     <span class='ocr_line' id='line_1_10' title="bbox 115 1184 688 1266; baseline 0.003 -22"><span class='ocrx_word' id='word_1_40' title='bbox 115 1185 183 1244; x_wconf 88' lang='lat' dir='ltr'>Non</span> <span class='ocrx_word' id='word_1_41' title='bbox 199 1186 300 1263; x_wconf 92' lang='lat' dir='ltr'>horti,</span> <span class='ocrx_word' id='word_1_42' title='bbox 321 1203 424 1265; x_wconf 90' lang='lat' dir='ltr'>ncqne</span> <span class='ocrx_word' id='word_1_43' title='bbox 438 1184 573 1266; x_wconf 85' lang='lat' dir='ltr'>palmitis</span> <span class='ocrx_word' id='word_1_44' title='bbox 588 1187 688 1264; x_wconf 87' lang='lat' dir='ltr'>beati,</span> 
     </span>
     <span class='ocr_line' id='line_1_11' title="bbox 116 1268 817 1349; baseline 0.001 -22"><span class='ocrx_word' id='word_1_45' title='bbox 116 1268 179 1328; x_wconf 85' lang='lat' dir='ltr'>Sed</span> <span class='ocrx_word' id='word_1_46' title='bbox 193 1269 257 1328; x_wconf 92' lang='lat' dir='ltr'>rari</span> <span class='ocrx_word' id='word_1_47' title='bbox 271 1271 424 1348; x_wconf 89' lang='lat' dir='ltr'>nemoris,</span> <span class='ocrx_word' id='word_1_48' title='bbox 446 1271 575 1349; x_wconf 80' lang='lat' dir='ltr'>Priape,</span> <span class='ocrx_word' id='word_1_49' title='bbox 599 1276 718 1348; x_wconf 89' lang='lat' dir='ltr'>custos,</span> <span class='ocrx_word' id='word_1_50' title='bbox 809 1280 817 1292; x_wconf 85' lang='lat'><strong>·</strong></span> 
     </span>
     <span class='ocr_line' id='line_1_12' title="bbox 115 1353 699 1432; baseline -0.003 -19"><span class='ocrx_word' id='word_1_51' title='bbox 115 1353 162 1432; x_wconf 69' lang='lat' dir='ltr'>Ep</span> <span class='ocrx_word' id='word_1_52' title='bbox 178 1372 238 1431; x_wconf 90' lang='lat' dir='ltr'>quo</span> <span class='ocrx_word' id='word_1_53' title='bbox 252 1358 342 1412; x_wconf 91' lang='lat' dir='ltr'>natus</span> <span class='ocrx_word' id='word_1_54' title='bbox 358 1371 396 1412; x_wconf 86' lang='lat' dir='ltr'>es</span> <span class='ocrx_word' id='word_1_55' title='bbox 408 1359 440 1413; x_wconf 93' lang='lat' dir='ltr'>et</span> <span class='ocrx_word' id='word_1_56' title='bbox 453 1361 544 1432; x_wconf 78' lang='lat' dir='ltr'>potes</span> <span class='ocrx_word' id='word_1_57' title='bbox 562 1354 699 1429; x_wconf 89' lang='lat' dir='ltr'>renasci,</span> 
     </span>
     <span class='ocr_line' id='line_1_13' title="bbox 111 1434 696 1516; baseline -0.005 -19"><span class='ocrx_word' id='word_1_58' title='bbox 111 1435 265 1513; x_wconf 88' lang='lat' dir='ltr'>Furaces‚</span> <span class='ocrx_word' id='word_1_59' title='bbox 288 1455 416 1514; x_wconf 88' lang='lat' dir='ltr'>moneo,</span> <span class='ocrx_word' id='word_1_60' title='bbox 437 1455 543 1496; x_wconf 89' lang='lat' dir='ltr'>manus</span> <span class='ocrx_word' id='word_1_61' title='bbox 558 1434 696 1516; x_wconf 84' lang='lat' dir='ltr'>repellas</span> 
     </span>
    </p>

    <p class='ocr_par' dir='ltr' id='par_1_6' title="bbox 91 1518 802 1684">
     <span class='ocr_line' id='line_1_14' title="bbox 91 1518 671 1583; baseline -0.005 -1"><span class='ocrx_word' id='word_1_62' title='bbox 91 1521 157 1583; x_wconf 72' lang='lat' dir='ltr'>alet</span> <span class='ocrx_word' id='word_1_63' title='bbox 172 1519 277 1580; x_wconf 85' lang='lat' dir='ltr'>silvam</span> <span class='ocrx_word' id='word_1_64' title='bbox 293 1518 409 1579; x_wconf 88' lang='lat' dir='ltr'>domini</span> <span class='ocrx_word' id='word_1_65' title='bbox 423 1520 501 1580; x_wconf 89' lang='lat' dir='ltr'>focis</span> <span class='ocrx_word' id='word_1_66' title='bbox 518 1538 671 1580; x_wconf 86' lang='lat' dir='ltr'>reserves.</span> 
     </span>
     <span class='ocr_line' id='line_1_15' title="bbox 114 1602 802 1684; baseline -0.003 -20"><span class='ocrx_word' id='word_1_67' title='bbox 114 1604 147 1664; x_wconf 89' lang='lat' dir='ltr'>Si</span> <span class='ocrx_word' id='word_1_68' title='bbox 163 1603 317 1664; x_wconf 85' lang='lat' dir='ltr'>defecerit</span> <span class='ocrx_word' id='word_1_69' title='bbox 330 1605 425 1682; x_wconf 86' lang='lat' dir='ltr'>haec,</span> <span class='ocrx_word' id='word_1_70' title='bbox 445 1610 478 1664; x_wconf 90' lang='lat' dir='ltr'>et</span> <span class='ocrx_word' id='word_1_71' title='bbox 492 1606 560 1684; x_wconf 95' lang='lat' dir='ltr'>ipse</span> <span class='ocrx_word' id='word_1_72' title='bbox 573 1602 690 1683; x_wconf 92' lang='lat' dir='ltr'>lignum</span> <span class='ocrx_word' id='word_1_73' title='bbox 705 1621 748 1664; x_wconf 91' lang='lat' dir='ltr'>es.</span> <span class='ocrx_word' id='word_1_74' title='bbox 800 1680 802 1684; x_wconf 18' lang='grc' dir='ltr'>Ι</span> 
     </span>
    </p>
   </div>
   <div class='ocr_carea' id='block_1_6' title="bbox 513 1732 591 1794">
    <p class='ocr_par' dir='ltr' id='par_1_7' title="bbox 513 1732 591 1794">
     <span class='ocr_line' id='line_1_16' title="bbox 513 1732 591 1794; baseline -0.038 0"><span class='ocrx_word' id='word_1_75' title='bbox 513 1732 591 1794; x_wconf 85' lang='lat' dir='ltr'><strong>XLI.</strong></span> 
     </span>
    </p>
   </div>
   <div class='ocr_carea' id='block_1_7' title="bbox 114 1829 912 2161">
    <p class='ocr_par' dir='ltr' id='par_1_8' title="bbox 114 1829 912 2077">
     <span class='ocr_line' id='line_1_17' title="bbox 116 1829 897 1911; baseline 0.001 -22"><span class='ocrx_word' id='word_1_76' title='bbox 116 1829 230 1890; x_wconf 91' lang='lat' dir='ltr'>Tristis</span> <span class='ocrx_word' id='word_1_77' title='bbox 246 1831 459 1911; x_wconf 81' lang='lat' dir='ltr'>Athenagoras</span> <span class='ocrx_word' id='word_1_78' title='bbox 476 1851 538 1892; x_wconf 92' lang='lat' dir='ltr'>non</span> <span class='ocrx_word' id='word_1_79' title='bbox 552 1833 636 1893; x_wconf 91' lang='lat' dir='ltr'>misit</span> <span class='ocrx_word' id='word_1_80' title='bbox 649 1849 777 1898; x_wconf 86' lang='lat' dir='ltr'>munera</span> <span class='ocrx_word' id='word_1_81' title='bbox 791 1829 897 1909; x_wconf 90' lang='lat' dir='ltr'>nobis,</span> 
     </span>
     <span class='ocr_line' id='line_1_18' title="bbox 159 1912 874 1991; baseline -0.003 -17"><span class='ocrx_word' id='word_1_82' title='bbox 159 1915 244 1991; x_wconf 80' lang='lat' dir='ltr'>Quae</span> <span class='ocrx_word' id='word_1_83' title='bbox 261 1915 363 1975; x_wconf 86' lang='lat' dir='ltr'>medio</span> <span class='ocrx_word' id='word_1_84' title='bbox 379 1918 505 1975; x_wconf 87' lang='lat' dir='ltr'>brumae</span> <span class='ocrx_word' id='word_1_85' title='bbox 520 1918 645 1976; x_wconf 90' lang='lat' dir='ltr'>mittere</span> <span class='ocrx_word' id='word_1_86' title='bbox 663 1933 769 1976; x_wconf 89' lang='lat' dir='ltr'>mense</span> <span class='ocrx_word' id='word_1_87' title='bbox 785 1912 874 1974; x_wconf 89' lang='lat' dir='ltr'>solet.</span> 
     </span>
     <span class='ocr_line' id='line_1_19' title="bbox 114 1997 912 2077; baseline -0.004 -20"><span class='ocrx_word' id='word_1_88' title='bbox 114 1998 163 2057; x_wconf 86' lang='lat' dir='ltr'>An</span> <span class='ocrx_word' id='word_1_89' title='bbox 179 1999 219 2057; x_wconf 90' lang='lat' dir='ltr'>sit</span> <span class='ocrx_word' id='word_1_90' title='bbox 234 1999 447 2077; x_wconf 81' lang='lat' dir='ltr'>Athenagoras</span> <span class='ocrx_word' id='word_1_91' title='bbox 462 2001 577 2077; x_wconf 90' lang='lat' dir='ltr'>tristis,</span> <span class='ocrx_word' id='word_1_92' title='bbox 598 1998 763 2076; x_wconf 87' lang='lat' dir='ltr'>Faustine,</span> <span class='ocrx_word' id='word_1_93' title='bbox 782 1997 912 2057; x_wconf 75' lang='lat' dir='ltr'>videbor</span> 
     </span>
    </p>

    <p class='ocr_par' dir='ltr' id='par_1_9' title="bbox 156 2080 775 2161">
     <span class='ocr_line' id='line_1_20' title="bbox 156 2080 775 2161; baseline 0 -20"><span class='ocrx_word' id='word_1_94' title='bbox 156 2080 211 2141; x_wconf 86' lang='lat' dir='ltr'>Me</span> <span class='ocrx_word' id='word_1_95' title='bbox 227 2088 313 2141; x_wconf 90' lang='lat' dir='ltr'>certe</span> <span class='ocrx_word' id='word_1_96' title='bbox 327 2083 449 2141; x_wconf 88' lang='lat' dir='ltr'>tristem</span> <span class='ocrx_word' id='word_1_97' title='bbox 464 2082 541 2141; x_wconf 85' lang='lat' dir='ltr'>fecit</span> <span class='ocrx_word' id='word_1_98' title='bbox 553 2083 775 2161; x_wconf 81' lang='lat' dir='ltr'>Athenagoras.</span> 
     </span>
    </p>
   </div>
   <div class='ocr_carea' id='block_1_8' title="bbox 508 2222 599 2285">
    <p class='ocr_par' dir='ltr' id='par_1_10' title="bbox 508 2222 599 2285">
     <span class='ocr_line' id='line_1_21' title="bbox 508 2222 599 2285; baseline 0.022 -2"><span class='ocrx_word' id='word_1_99' title='bbox 508 2222 599 2285; x_wconf 88' lang='lat' dir='ltr'>XLll.</span> 
     </span>
    </p>
   </div>
   <div class='ocr_carea' id='block_1_9' title="bbox 117 2318 752 2569">
    <p class='ocr_par' dir='ltr' id='par_1_11' title="bbox 117 2318 752 2569">
     <span class='ocr_line' id='line_1_22' title="bbox 117 2318 650 2402; baseline 0.002 -23"><span class='ocrx_word' id='word_1_100' title='bbox 117 2319 151 2379; x_wconf 89' lang='lat' dir='ltr'>Si</span> <span class='ocrx_word' id='word_1_101' title='bbox 169 2326 201 2380; x_wconf 90' lang='lat' dir='ltr'>te</span> <span class='ocrx_word' id='word_1_102' title='bbox 216 2318 358 2402; x_wconf 87' lang='lat' dir='ltr'>sportula</span> <span class='ocrx_word' id='word_1_103' title='bbox 375 2322 472 2381; x_wconf 90' lang='lat' dir='ltr'>maior</span> <span class='ocrx_word' id='word_1_104' title='bbox 489 2320 528 2383; x_wconf 89' lang='lat' dir='ltr'>ad</span> <span class='ocrx_word' id='word_1_105' title='bbox 543 2324 650 2382; x_wconf 90' lang='lat' dir='ltr'>beatos</span> 
     </span>
     <span class='ocr_line' id='line_1_23' title="bbox 118 2404 691 2487; baseline 0 -24"><span class='ocrx_word' id='word_1_106' title='bbox 118 2404 187 2464; x_wconf 92' lang='lat' dir='ltr'>Non</span> <span class='ocrx_word' id='word_1_107' title='bbox 202 2406 394 2487; x_wconf 85' lang='lat' dir='ltr'>corruperit,</span> <span class='ocrx_word' id='word_1_108' title='bbox 416 2411 450 2467; x_wconf 89' lang='lat' dir='ltr'>ut</span> <span class='ocrx_word' id='word_1_109' title='bbox 464 2405 560 2484; x_wconf 86' lang='lat' dir='ltr'>solet,</span> <span class='ocrx_word' id='word_1_110' title='bbox 582 2406 691 2468; x_wconf 85' lang='lat' dir='ltr'>licebit</span> 
     </span>
     <span class='ocr_line' id='line_1_24' title="bbox 117 2487 752 2569; baseline 0.003 -21"><span class='ocrx_word' id='word_1_111' title='bbox 117 2487 163 2548; x_wconf 88' lang='lat' dir='ltr'>De</span> <span class='ocrx_word' id='word_1_112' title='bbox 179 2496 305 2569; x_wconf 91' lang='lat' dir='ltr'>nostro,</span> <span class='ocrx_word' id='word_1_113' title='bbox 326 2490 451 2569; x_wconf 82' lang='lat' dir='ltr'>Matho,</span> <span class='ocrx_word' id='word_1_114' title='bbox 474 2491 615 2550; x_wconf 87' lang='lat' dir='ltr'>centiens</span> <span class='ocrx_word' id='word_1_115' title='bbox 628 2487 752 2550; x_wconf 90' lang='lat' dir='ltr'>laveris.</span> 
     </span>
    </p>
   </div>
   <div class='ocr_carea' id='block_1_10' title="bbox 500 2620 604 2682">
    <p class='ocr_par' dir='ltr' id='par_1_12' title="bbox 500 2620 604 2682">
     <span class='ocr_line' id='line_1_25' title="bbox 500 2620 604 2682; baseline -0.01 0"><span class='ocrx_word' id='word_1_116' title='bbox 500 2620 604 2682; x_wconf 88' lang='lat' dir='ltr'>XLlll.</span> 
     </span>
    </p>
   </div>
   <div class='ocr_carea' id='block_1_11' title="bbox 117 2715 924 3046">
    <p class='ocr_par' dir='ltr' id='par_1_13' title="bbox 117 2715 924 2964">
     <span class='ocr_line' id='line_1_26' title="bbox 117 2715 837 2796; baseline -0.004 -21"><span class='ocrx_word' id='word_1_117' title='bbox 117 2715 221 2776; x_wconf 79' lang='lat' dir='ltr'>Effert</span> <span class='ocrx_word' id='word_1_118' title='bbox 233 2735 344 2777; x_wconf 82' lang='lat' dir='ltr'>uxores</span> <span class='ocrx_word' id='word_1_119' title='bbox 357 2717 489 2796; x_wconf 85' lang='lat' dir='ltr'>Fabius,</span> <span class='ocrx_word' id='word_1_120' title='bbox 511 2716 680 2779; x_wconf 78' lang='lat' dir='ltr'>Chrestilla</span> <span class='ocrx_word' id='word_1_121' title='bbox 693 2715 837 2792; x_wconf 90' lang='lat' dir='ltr'>maritos,</span> 
     </span>
     <span class='ocr_line' id='line_1_27' title="bbox 160 2796 900 2880; baseline -0.004 -20"><span class='ocrx_word' id='word_1_122' title='bbox 160 2799 398 2878; x_wconf 84' lang='lat' dir='ltr'>Funereamque</span> <span class='ocrx_word' id='word_1_123' title='bbox 416 2803 493 2861; x_wconf 89' lang='lat' dir='ltr'>toris</span> <span class='ocrx_word' id='word_1_124' title='bbox 509 2808 632 2880; x_wconf 80' lang='lat' dir='ltr'>quassat</span> <span class='ocrx_word' id='word_1_125' title='bbox 645 2807 777 2878; x_wconf 89' lang='lat' dir='ltr'>uterque</span> <span class='ocrx_word' id='word_1_126' title='bbox 792 2796 900 2857; x_wconf 84' lang='lat' dir='ltr'>facem.</span> 
     </span>
     <span class='ocr_line' id='line_1_28' title="bbox 118 2880 924 2964; baseline -0.006 -18"><span class='ocrx_word' id='word_1_127' title='bbox 118 2883 264 2946; x_wconf 84' lang='lat' dir='ltr'>Victores</span> <span class='ocrx_word' id='word_1_128' title='bbox 280 2886 454 2963; x_wconf 87' lang='lat' dir='ltr'>committe,</span> <span class='ocrx_word' id='word_1_129' title='bbox 475 2886 599 2947; x_wconf 89' lang='lat' dir='ltr'>Venus:</span> <span class='ocrx_word' id='word_1_130' title='bbox 622 2905 698 2964; x_wconf 91' lang='lat' dir='ltr'>quos</span> <span class='ocrx_word' id='word_1_131' title='bbox 711 2886 772 2945; x_wconf 86' lang='lat' dir='ltr'>iste</span> <span class='ocrx_word' id='word_1_132' title='bbox 787 2880 924 2943; x_wconf 89' lang='lat' dir='ltr'>manebit</span> 
     </span>
    </p>

    <p class='ocr_par' dir='ltr' id='par_1_14' title="bbox 160 2966 763 3046">
     <span class='ocr_line' id='line_1_29' title="bbox 160 2966 763 3046; baseline 0.002 -18"><span class='ocrx_word' id='word_1_133' title='bbox 160 2968 286 3046; x_wconf 78' lang='lat' dir='ltr'>Exitus,</span> <span class='ocrx_word' id='word_1_134' title='bbox 308 2987 368 3027; x_wconf 90' lang='lat' dir='ltr'>una</span> <span class='ocrx_word' id='word_1_135' title='bbox 384 2966 460 3028; x_wconf 80' lang='lat' dir='ltr'>duos</span> <span class='ocrx_word' id='word_1_136' title='bbox 475 2975 511 3028; x_wconf 90' lang='lat' dir='ltr'>ut</span> <span class='ocrx_word' id='word_1_137' title='bbox 524 2969 659 3030; x_wconf 92' lang='lat' dir='ltr'>Libitina</span> <span class='ocrx_word' id='word_1_138' title='bbox 672 2970 763 3029; x_wconf 77' lang='lat' dir='ltr'>ferat,</span> 
     </span>
    </p>
   </div>
   <div class='ocr_carea' id='block_1_12' title="bbox 503 3095 609 3158">
    <p class='ocr_par' dir='ltr' id='par_1_15' title="bbox 503 3095 609 3158">
     <span class='ocr_line' id='line_1_30' title="bbox 503 3095 609 3158; baseline 0.028 -3"><span class='ocrx_word' id='word_1_139' title='bbox 503 3095 609 3158; x_wconf 81' lang='lat' dir='ltr'><strong>XLIV.</strong></span> 
     </span>
    </p>
   </div>
   <div class='ocr_carea' id='block_1_13' title="bbox 120 3193 924 3510">
    <p class='ocr_par' dir='ltr' id='par_1_16' title="bbox 120 3193 924 3360">
     <span class='ocr_line' id='line_1_31' title="bbox 120 3193 924 3274; baseline -0.001 -20"><span class='ocrx_word' id='word_1_140' title='bbox 120 3194 257 3274; x_wconf 88' lang='lat' dir='ltr'>Titulle,</span> <span class='ocrx_word' id='word_1_141' title='bbox 277 3213 403 3274; x_wconf 91' lang='lat' dir='ltr'>moneo,</span> <span class='ocrx_word' id='word_1_142' title='bbox 425 3195 507 3254; x_wconf 82' lang='lat' dir='ltr'>vive:</span> <span class='ocrx_word' id='word_1_143' title='bbox 530 3211 654 3274; x_wconf 89' lang='lat' dir='ltr'>semper</span> <span class='ocrx_word' id='word_1_144' title='bbox 666 3193 727 3253; x_wconf 91' lang='lat' dir='ltr'>hoc</span> <span class='ocrx_word' id='word_1_145' title='bbox 744 3211 847 3253; x_wconf 90' lang='lat' dir='ltr'>serum</span> <span class='ocrx_word' id='word_1_146' title='bbox 864 3195 924 3253; x_wconf 81' lang='lat' dir='ltr'>est.</span> 
     </span>
     <span class='ocr_line' id='line_1_32' title="bbox 121 3276 840 3360; baseline 0 -22"><span class='ocrx_word' id='word_1_147' title='bbox 121 3277 184 3340; x_wconf 89' lang='lat' dir='ltr'>Sub</span> <span class='ocrx_word' id='word_1_148' title='bbox 199 3278 378 3360; x_wconf 86' lang='lat' dir='ltr'>paedagogo</span> <span class='ocrx_word' id='word_1_149' title='bbox 394 3279 536 3358; x_wconf 85' lang='lat' dir='ltr'>coeperis</span> <span class='ocrx_word' id='word_1_150' title='bbox 549 3276 642 3356; x_wconf 87' lang='lat' dir='ltr'>licet,</span> <span class='ocrx_word' id='word_1_151' title='bbox 664 3295 768 3337; x_wconf 88' lang='lat' dir='ltr'>acrum</span> <span class='ocrx_word' id='word_1_152' title='bbox 783 3282 840 3338; x_wconf 90' lang='lat' dir='ltr'>est</span> 
     </span>
    </p>

    <p class='ocr_par' dir='ltr' id='par_1_17' title="bbox 120 3360 794 3442">
     <span class='ocr_line' id='line_1_33' title="bbox 120 3360 794 3442; baseline -0.001 -19"><span class='ocrx_word' id='word_1_153' title='bbox 120 3364 163 3423; x_wconf 85' lang='lat' dir='ltr'>At</span> <span class='ocrx_word' id='word_1_154' title='bbox 175 3369 226 3442; x_wconf 89' lang='lat' dir='ltr'>tn,</span> <span class='ocrx_word' id='word_1_155' title='bbox 247 3366 342 3424; x_wconf 89' lang='lat' dir='ltr'>miser</span> <span class='ocrx_word' id='word_1_156' title='bbox 360 3360 496 3441; x_wconf 87' lang='lat' dir='ltr'>Titulle,</span> <span class='ocrx_word' id='word_1_157' title='bbox 517 3382 576 3424; x_wconf 90' lang='lat' dir='ltr'>nec</span> <span class='ocrx_word' id='word_1_158' title='bbox 593 3379 688 3422; x_wconf 80' lang='lat' dir='ltr'>senex</span> <span class='ocrx_word' id='word_1_159' title='bbox 701 3361 794 3439; x_wconf 81' lang='lat' dir='ltr'>vivis,</span> 
     </span>
    </p>

    <p class='ocr_par' dir='ltr' id='par_1_18' title="bbox 120 3444 717 3510">
     <span class='ocr_line' id='line_1_34' title="bbox 120 3444 717 3510; baseline -0.003 -3"><span class='ocrx_word' id='word_1_160' title='bbox 120 3445 185 3508; x_wconf 82' lang='lat' dir='ltr'>Sed</span> <span class='ocrx_word' id='word_1_161' title='bbox 200 3467 290 3510; x_wconf 90' lang='lat' dir='ltr'>omne</span> <span class='ocrx_word' id='word_1_162' title='bbox 304 3447 400 3510; x_wconf 80' lang='lat' dir='ltr'>brnen</span> <span class='ocrx_word' id='word_1_163' title='bbox 416 3449 552 3510; x_wconf 88' lang='lat' dir='ltr'>conteris</span> <span class='ocrx_word' id='word_1_164' title='bbox 567 3444 717 3508; x_wconf 89' lang='lat' dir='ltr'>salutator</span> 
     </span>
    </p>
   </div>
   <div class='ocr_carea' id='block_1_14' title="bbox 0 0 1199 3840">
    <p class='ocr_par' dir='ltr' id='par_1_19' title="bbox 0 0 1199 3840">
     <span class='ocr_line' id='line_1_35' title="bbox 0 0 1199 3840; baseline 0 0"><span class='ocrx_word' id='word_1_165' title='bbox 0 0 1199 3840; x_wconf 95' lang='lat' dir='ltr'> </span> 
     </span>
    </p>
   </div>
  </div>
 </body>
</html>
