2370 3840
324 213 661 275 EPIGRAMMATON
677 215 750 278 LlB.
766 217 816 279 vl.
1032 221 1096 286 143

135 367 220 448 „Sed
232 334 334 428 tamen
346 368 406 427 hoc
417 366 542 446 longum
553 368 633 429 est.“
654 367 742 428 Solct
753 370 813 430 hoc
827 391 960 452 quoque,
979 374 1095 456 Tucca,

454 448 610 530 licetque:

179 536 212 595 Si
229 537 372 595 breuiora
384 536 514 615 probas,
537 533 669 595 disticha
685 536 749 597 sola
761 535 856 615 legas.

114 621 308 679 ocouveniat
321 620 429 696 nobis,
453 624 487 678 ut
500 620 546 678 fas
561 622 779 699 epigrammata
793 619 885 700 longa

178 704 226 763 Sit
239 704 373 764 transire
388 703 464 781 tibi,
486 704 641 782 scribere,
664 704 784 787 Tucca,
805 707 889 768 milri.

520 837 627 901 LXVI.

135 954 247 1016 Famae
266 976 328 1016 uon
343 957 469 1016 nimium
483 956 583 1015 bonae
599 953 750 1035 puellam,

137 1037 249 1114 Quales
264 1042 296 1099 iu
310 1040 412 1101 media
426 1039 537 1101 sedent
552 1040 688 1118 Subura,

135 1123 299 1184 Vendebat
316 1124 406 1185 modo
421 1143 534 1205 praeco
551 1122 720 1185 Gellianus.

135 1205 232 1268 Parvo
248 1229 315 1269 cum
329 1210 432 1289 pretio
447 1207 499 1268 diu
512 1206 662 1286 licerent,

111 1290 212 1352 oDum
227 1313 335 1372 puram
350 1294 434 1373 cupit
450 1294 622 1372 approbare
637 1293 772 1369 cunctis,

135 1375 271 1436 Attraxit
285 1396 383 1456 prope
398 1395 432 1436 sc
447 1395 537 1435 manu
551 1383 715 1454 negantem

133 1460 175 1520 Et
188 1461 235 1520 bis
254 1468 365 1539 terquc
381 1466 551 1540 quaterque
565 1460 702 1521 basiavit.

135 1543 216 1619 Quid
229 1545 402 1625 profecerit
415 1542 537 1621 osculo,
558 1543 715 1623 requiris?

136 1627 302 1689 Sescentos
317 1628 408 1688 modo
424 1629 476 1707 qui
491 1626 598 1705 dabat,
620 1627 753 1706 negavit.

510 1763 629 1825 LXVII.

137 1875 200 1934 Cur
214 1882 330 1935 tantum
343 1877 499 1936 eunuchos
514 1877 628 1935 lrabeat
642 1882 693 1934 tua
709 1871 830 1951 Caelia,
854 1871 993 1952 quaeris,

179 1959 367 2038 Pannyche‘.²
388 1957 455 2019 vult
469 1960 549 2020 futui
564 1957 689 2037 Caelia,
710 1976 769 2018 nec
782 1973 904 2038 parere.

505 2094 638 2158 LXVlll.

134 2201 225 2263 Flete
241 2204 327 2263 nefas
344 2210 479 2266 vetrum
485 2250 495 2281 ,
518 2206 574 2267 sed
589 2213 655 2268 toto
671 2208 746 2266 flete
760 2203 912 2279 Lucrino,

178 2285 308 2366 Naides,
330 2295 363 2348 et
376 2287 477 2351 luctus
494 2292 607 2359 seut-iat
620 2293 688 2371 ipra
703 2289 824 2349 Thetis.

135 2370 221 2431 luter
235 2373 363 2432 Baianas
377 2380 483 2455 raptus
500 2394 579 2455 puer
594 2374 709 2436 occidit
723 2371 821 2433 undas

176 2456 336 2535 Eutychus
348 2455 421 2535 illc,
443 2464 546 2537 tuum,
569 2460 725 2538 Castrice,
746 2454 837 2516 dulce
852 2454 941 2515 latus.

115 2538 197 2600 5Hic
212 2541 269 2601 tibi
285 2562 424 2602 curarum
441 2545 541 2604 socius
556 2541 765 2622 blandumque
779 2538 938 2616 levamen,

176 2624 236 2683 Hic
251 2645 352 2704 amor,
370 2627 421 2686 hic
435 2629 535 2688 nostri
550 2629 626 2688 uotis
641 2626 747 2688 Alexis
762 2629 838 2686 crat.

134 2707 288 2785 Numquid
303 2717 334 2769 te
349 2712 456 2770 vitreis
470 2710 585 2771 nudum
598 2711 711 2771 lasciva
726 2710 782 2770 sub
798 2707 888 2767 undis

179 2790 266 2853 Vidit
279 2799 311 2852 et
328 2792 457 2854 Alcidae
472 2797 605 2874 nympha
619 2795 741 2855 remisit
754 2791 879 2871 Hylan?

134 2874 183 2934 An
199 2873 257 2934 dea
270 2876 437 2937 femineum
451 2879 511 2938 ium
525 2878 655 2957 negligit
668 2873 964 2959 Hermaphroditum

92 2969 128 3021 10
177 2959 329 3039 Amplexu
342 2963 444 3021 teneri
462 2960 630 3022 sollicitata
643 2963 724 3023 riri?

135 3042 292 3123 Quidquid
306 3043 339 3103 id
354 3050 417 3123 est,
439 3047 558 3105 subitae
574 3065 773 3126 quaecunque
789 3049 837 3105 est
851 3060 940 3103 causa
953 3040 1092 3121 rapinae,

176 3127 241 3206 Sit,
257 3147 391 3209 precor,
414 3134 446 3188 et
463 3126 559 3188 tellus
573 3131 656 3189 mitis
671 3137 705 3190 ct
719 3129 800 3189 unda
814 3128 881 3189 tibi.
976 3189 978 3193 .

515 3262 621 3324 LXIX.

133 3375 203 3436 Non
217 3377 330 3454 miror,
354 3375 435 3456 qnod
450 3382 537 3456 potat
552 3397 659 3456 aquam
670 3383 722 3437 tua
737 3378 845 3456 Bassa,
868 3371 1006 3437 catulla:

177 3459 294 3540 Miror,
318 3459 399 3539 quod
413 3461 500 3521 Bassi
514 3460 577 3521 iilia
592 3466 679 3540 potat
695 3480 809 3538 aquam.
864 3494 868 3499 ·
