2370 3840
312 216 652 279 EPIGRAMMATON
665 217 738 278 LlB.
755 220 805 281 lX.
1016 219 1079 285 205

123 371 185 430 lam
203 368 379 448 paedagogo
394 369 543 429 liberatus
559 375 591 428 et
609 370 693 429 cuius
814 438 820 442 ,

123 451 308 512 Refibulavit
322 451 478 531 turgidum
493 454 583 512 faber
596 471 724 532 penem:

122 536 206 596 Nutu
220 542 360 602 vocatum
375 535 476 614 ducis,
496 545 528 595 et
542 535 639 616 pudet
652 537 712 595 fari
773 528 780 547 ⁸

35 621 38 631 '
123 615 308 698 Catohiana,
330 621 482 698 Chreste,
505 618 588 698 quod
601 619 678 679 facis
691 618 803 698 lingua.

483 753 627 816 XXVIII.

121 865 218 924 Dulce
234 863 329 922 decus
344 881 470 940 scenae,
491 861 634 923 ludorum
648 863 744 940 fama,
761 861 889 923 Latinus

164 947 221 1006 llle
237 965 294 1024 ego
310 966 393 1024 sum,
414 945 539 1026 plausus
556 946 749 1025 deliciaeque
767 952 857 1023 tuae3

122 1032 182 1106 Qui
197 1035 405 1110 spectatorem
418 1032 505 1110 potui
520 1031 633 1091 iecisse
649 1031 814 1108 Catonem,

163 1114 290 1175 Solvere
312 1116 363 1192 qui
379 1115 489 1174 Curios
502 1114 726 1193 Fabriciosque
742 1133 857 1193 graves.

95 1197 183 1257 aSed
198 1196 278 1258 nihil
293 1218 310 1256 a
323 1207 430 1258 nostro
445 1201 575 1278 sumpsit
588 1217 656 1258 mea
670 1199 732 1258 vito
747 1199 870 1260 theatro

160 1283 203 1341 Iit
217 1280 282 1341 sola
298 1287 416 1341 tantum
431 1284 571 1342 scenicus
586 1288 653 1341 arte
668 1282 763 1341 feror.

118 1366 183 1426 Nec
198 1371 339 1444 poteram
353 1371 457 1442 gratus
473 1364 595 1425 domino
611 1367 677 1424 sine
692 1365 828 1437 moribus
843 1383 927 1426 esse:

160 1448 293 1507 Interius
307 1454 427 1506 mentes
441 1449 567 1526 inspicit
580 1447 633 1507 ille
648 1447 734 1509 deus.

122 1533 186 1592 Vos
201 1550 250 1590 me
265 1528 415 1609 laurigeri
430 1533 597 1610 parasitum
613 1530 707 1591 dicite
720 1531 857 1612 Phoebi,

78 1627 112 1678 10
159 1616 255 1675 Roma
271 1616 318 1674 sui
332 1613 478 1674 famulum
493 1614 563 1674 dum
581 1616 658 1674 sciat
672 1633 741 1675 esse
756 1616 844 1679 lovis.
976 1608 981 1617 ’

501 1757 609 1817 XXIX.

120 1869 248 1930 Saecula
261 1870 431 1929 Nestoreae
444 1887 624 1948 permensa,
645 1867 802 1947 Philaeni,
824 1879 987 1950 senectae,

161 1955 259 2034 Rapta
278 1971 311 2010 es
327 1950 367 2010 ad
379 1952 517 2010 infernas
531 1960 593 2010 tam
610 1953 671 2011 cito
685 1953 765 2012 Ditis
784 1955 901 2031 aquas?

120 2038 275 2096 Euboicae
291 2033 427 2094 nondum
441 2036 622 2093 numerabas
635 2033 727 2111 longa
744 2035 883 2114 Sibyllae

163 2121 334 2197 Tempora:
356 2118 453 2176 maior
468 2122 536 2176 crat
550 2118 706 2176 mensibus
720 2117 776 2176 illa
790 2121 899 2181 tribus.

96 2204 190 2265 5Hen
205 2220 283 2281 qnae
296 2198 401 2278 lingua
416 2198 503 2259 silet!
524 2220 588 2259 non
601 2199 685 2260 illam
700 2200 786 2260 mille
800 2209 933 2263 catastae

161 2287 353 2361 Vincebaut,
375 2303 435 2343 nec
450 2302 528 2363 quae
543 2285 634 2343 turba
651 2283 780 2364 Sarapin
795 2292 890 2361 amat;

118 2372 184 2431 Nec
201 2369 343 2429 matutini
357 2370 473 2428 cirrata
487 2374 610 2428 caterva
626 2369 781 2446 magistri,

164 2455 227 2514 Nec
243 2470 321 2532 qnae
336 2451 513 2530 Strymonio
529 2451 568 2510 de
585 2470 680 2530 grege
692 2453 760 2532 ripa
775 2459 871 2512 sonat.

121 2539 205 2612 Quae
221 2556 301 2597 nunc
317 2534 499 2596 Thessalico
514 2534 617 2594 lunam
631 2535 788 2595 deducere
804 2538 951 2617 rhombo,

78 2631 112 2682 10
161 2623 245 2697 Quae
260 2622 339 2680 sciet
353 2621 409 2679 hos
423 2619 494 2680 illos
511 2618 647 2679 vendere
662 2621 733 2682 lena
747 2620 856 2681 torosi

122 2705 170 2764 Sit
183 2706 241 2764 tibi
256 2710 341 2763 terra
358 2702 437 2763 levis
452 2703 602 2781 mollique
617 2705 732 2782 tegaris
747 2705 878 2784 harena,

162 2787 209 2846 Ne
224 2794 276 2845 tua
290 2789 485 2866 nonpossint
499 2806 611 2846 eruere
628 2807 696 2847 ossa
711 2806 812 2848 canes.

511 2920 606 2980 XXX.

121 3031 335 3113 Cappadocum
352 3034 449 3092 saevis
464 3034 616 3094 Antistius
633 3035 747 3095 occidit
761 3037 824 3096 oris

161 3117 315 3180 Rusticus.
345 3115 371 3175 0
386 3117 470 3176 tristi
485 3119 613 3177 crimine
626 3125 712 3179 terra
727 3119 855 3180 nocens!

120 3199 253 3260 Rettulit
267 3219 336 3282 ossa
351 3200 419 3259 siun
434 3201 498 3260 cari
511 3202 639 3280 Nigrina
652 3205 755 3264 mariti

165 3284 207 3343 Et
224 3290 333 3363 questa
348 3289 395 3343 est
411 3283 518 3363 longas
536 3305 597 3347 nou
612 3288 686 3348 satis
701 3307 770 3353 esse
784 3289 864 3361 vias3

99 3367 262 3446 illumque
277 3367 366 3427 daret
377 3375 512 3428 sanctam
526 3368 669 3448 tumulis,
686 3372 795 3450 quibus
812 3369 945 3448 invidet,
959 3387 1076 3446 urnam,

163 3451 238 3514 Visa
254 3453 313 3512 sibi
328 3459 376 3512 est
390 3460 479 3534 rapto
495 3455 543 3514 bis
557 3454 680 3515 viduata
694 3456 770 3514 viro.
