2370 3840
392 179 731 243 EPIGRAMMATON
743 181 819 244 LlB.
834 181 857 243 l.
1108 181 1135 249 ll

164 334 272 394 bdnte
285 333 373 392 fores
387 339 519 393 stantem
535 330 657 391 dubitus
672 330 839 393 admittere
852 332 977 394 Fumsm

142 474 147 480 .
230 417 343 499 Teque
358 418 447 498 piget
464 435 556 477 curre
570 416 709 496 proemia
721 415 809 475 ferre
823 417 920 477 tunel

185 502 264 562 l'ost
275 511 310 560 te
326 502 465 560 victuruc
478 505 582 579 perte
598 517 721 578 quoque
735 500 840 560 rivere
855 500 982 562 cburtue

229 585 398 666 Incipiunt:
420 585 520 644 cineri
534 581 636 663 gloria
650 584 829 643 seruerit.

571 696 681 760 xxvi.

188 793 380 872 Sextiliune,
401 795 482 854 bibis
496 802 642 872 qusntum
655 790 804 854 subsellis
818 796 955 874 quinque

232 878 343 939 Solus:
362 898 440 956 uque
454 878 569 938 totiens
585 879 690 938 ebrius
705 896 776 938 esse
788 891 897 959 potes3

186 963 253 1024 Nec
268 981 485 1024 comessorum
499 962 599 1022 vicine
611 963 793 1022 nomismuts
805 969 940 1043 tuntum,

229 1048 314 1107 Aere
328 1045 385 1107 sed
399 1066 417 1106 s
431 1046 537 1105 cuneis
551 1044 703 1107 ulteriore
715 1046 806 1108 bibis.

165 1131 257 1194 bNon
272 1132 350 1192 brec
363 1129 501 1208 Pelignis
516 1131 617 1208 sgitur
629 1129 784 1190 vindemie
798 1131 915 1211 proelis

230 1217 297 1277 Usu
311 1234 370 1275 nec
383 1217 416 1274 in
432 1214 544 1274 Tuscis
557 1215 695 1275 noscitur
710 1216 771 1274 istu
785 1216 880 1294 iugis,

188 1299 286 1360 Teste
300 1297 356 1360 sed
371 1300 456 1378 antiq
458 1300 490 1359 ui
502 1297 579 1359 felix
597 1299 730 1358 siccatur
744 1299 865 1379 Opimi,

227 1384 340 1462 Egerit
353 1390 387 1443 et
398 1385 504 1462 nigros
518 1383 652 1442 Massica
663 1379 745 1442 cells
759 1380 863 1443 cados

186 1470 210 1540 A
229 1486 350 1547 copone
365 1468 423 1528 tibi
438 1468 509 1527 foex
522 1465 671 1526 Laletana
686 1471 829 1546 petetur,

145 1563 179 1616 10
228 1551 263 1612 Si
277 1551 349 1633 plus
367 1571 456 1631 quum
471 1550 614 1628 deciens,
637 1549 823 1629 Sextilium,
844 1552 935 1614 bibis.

562 1662 685 1726 XXVll.

185 1764 345 1825 Hesterno
357 1765 416 1824 tibi
429 1770 522 1824 nocte
536 1763 727 1842 dixeramus,

186 1850 383 1925 Quincunces
397 1855 472 1928 puto
487 1853 559 1928 post
573 1847 681 1909 decem
696 1856 859 1929 peractos,

186 1934 326 1993 Cenares
341 1930 453 2011 hodie,
473 1930 626 2010 Procille,
649 1951 777 1995 mecum.

74 2040 77 2045 ⁴
188 2016 239 2076 Tu
256 2016 368 2076 luctum
383 2018 441 2076 tibi
457 2035 524 2076 rem
538 2019 643 2077 statim
654 2019 771 2097 putasti

164 2101 230 2161 bEt
244 2119 307 2159 non
321 2101 424 2160 sobrio
436 2102 532 2160 rerba
545 2103 718 2161 subnotasti

184 2181 337 2265 Exemplo
353 2185 479 2244 nimium
492 2183 684 2279 periculoso·

186 2267 289 2328 Μισεῐ
305 2259 459 2346 μνάμονα
475 2261 666 2347 συμπόταν,
688 2265 834 2330 Procille.

93 748 143 792 ,f

554 2403 689 2465 XXVlll

183 2512 342 2573 Hesterno
357 2514 460 2575 fetere
475 2533 561 2575 mero
579 2517 632 2596 qui
646 2513 749 2576 credit
761 2516 926 2594 Acerram,

227 2594 378 2658 Fallitur:
399 2600 432 2658 iu
446 2598 547 2660 lucem
562 2618 686 2681 semper
702 2600 822 2660 Acerra
834 2599 924 2662 bibit.

568 2733 678 2795 XXlX.

184 2842 280 2901 Fumo
292 2844 396 2904 refert
409 2852 532 2907 nostros
547 2852 580 2906 te
587 2845 795 2924 ‚Fidentinc,
815 2841 941 2931 libellos

227 2925 297 2986 Non
312 2926 404 2988 uliter
417 2928 533 3011 populo
549 2949 639 3009 quum
652 2931 789 2991 recitare
802 2933 881 2990 tuos.

185 3008 220 3069 Si
234 3028 303 3070 mer
316 3013 362 3072 vis
378 3009 457 3113 dici,
476 3015 571 3091 gratis
586 3014 644 3073 tibi
658 3014 792 3074 curmiuu
805 3013 939 3072 mittsmz

228 3092 264 3153 Si
280 3092 343 3154 dici
356 3102 410 3154 tun
423 3096 487 3174 vis,
508 3115 563 3174 en,
586 3115 673 3175 eme,
694 3113 816 3156 nemea
831 3095 903 3158 siut

576 3230 671 3291 XXX.

184 3342 357 3421 chirurgus
372 3342 492 3422 fuerat,
513 3364 594 3404 nunc
609 3351 658 3404 est
671 3339 795 3422 vispillo
810 3340 946 3407 Diaulus.

229 3426 343 3508 Coepit
360 3446 419 3504 quo
433 3433 558 3508 poterut
571 3427 700 3488 clinicus
716 3442 786 3484 esse
799 3424 899 3487 modo.

139 3508 249 3570 Μειν,
455 3512 459 3517 ’
926 3507 958 3571 i.
