2370 3840
313 215 650 281 EPIGRAMMATON
664 215 738 282 Llll.
755 215 821 281 Vll.

520 419 615 482 xcv.
691 494 694 498 ³

137 538 249 597 Bruma
264 541 313 596 est
326 541 359 595 et
372 535 454 613 riget
468 531 614 593 horridus
630 533 819 615 December,

66 664 70 672 ·
137 619 243 682 Audes
254 626 288 681 tu
302 626 405 680 tamen
421 614 526 678 osculo
541 615 636 678 nivali

137 706 252 766 Omnes
268 705 372 765 obvius
386 703 459 762 hinc
475 707 508 762 et
521 702 593 762 hinc
608 709 734 780 tenere,

117 841 120 852 .
136 790 178 849 Et
193 796 305 868 totam,
326 789 422 865 Line,
443 787 564 847 basiare
578 786 713 847 Romam.

114 872 220 948 bQuid
233 874 332 952 possis
349 871 530 951 graviusque
545 871 726 950 saeviusque

135 957 304 1017 Percussus
318 956 422 1015 facere
438 961 529 1035 atque
545 955 747 1016 verberatus?

136 1041 205 1099 Hoc
221 1058 270 1099 me
286 1040 404 1119 frigore
418 1041 519 1100 basiet
532 1058 591 1099 nec
603 1058 694 1113 uxor,

135 1123 260 1185 Blandis
275 1123 339 1184 lilia
353 1142 412 1183 uec
427 1123 513 1183 rudis
529 1122 662 1184 labellis.

135 1205 198 1267 Sed
215 1213 249 1267 tu
265 1207 384 1267 dulcior
399 1206 651 1286 elegantiusque,

93 1291 228 1355 loculus
242 1291 337 1351 livida
350 1293 476 1351 naribus
493 1292 610 1350 caninis

134 1375 299 1454 Dependet
313 1373 427 1452 glacies
442 1375 585 1454 rigetque
600 1375 710 1451 barba,

136 1456 264 1533 Qualem
279 1459 439 1517 forficibus
454 1458 544 1517 metit
558 1458 676 1536 supinis

135 1541 258 1602 Tonsor
272 1541 425 1621 Cinyphio
441 1538 523 1601 cilix
535 1542 655 1602 marito.

135 1626 267 1686 (lentum
282 1644 449 1703 occurrere
463 1624 541 1685 malo
559 1623 758 1706 cuunillugla,

93 1718 125 1772 15
131 1711 172 1770 lit
188 1709 311 1771 Gallum
325 1712 420 1771 timeo
434 1711 534 1769 miuus
548 1715 719 1773 recentem.

135 1796 236 1870 Quare
250 1796 277 1854 si
291 1796 349 1855 tibi
366 1814 474 1856 sensus
490 1799 539 1854 est
552 1792 731 1875 pudorque,

132 1879 305 1957 Hibernas,
325 1879 422 1957 Line,
442 1879 648 1955 basiationes,

133 1962 167 2021 lu
181 1980 318 2022 mensem
331 1980 407 2042 rogo
423 1961 550 2023 differas
564 1959 715 2041 Aprilem.

533 2093 641 2156 XCVI.

133 2204 284 2267 Conditus
298 2208 349 2267 hic
364 2226 420 2286 ego
436 2225 503 2266 sum
515 2206 603 2266 Bassi
618 2203 724 2285 dolor,
745 2207 879 2269 Urbicus
894 2208 1012 2287 infans,

176 2291 235 2351 cui
249 2310 345 2370 genus
361 2299 394 2352 et
409 2310 523 2351 nomen
538 2291 666 2350 maxima
680 2290 777 2351 Roma
793 2291 888 2352 dedit.

134 2373 195 2435 Sex
204 2377 284 2436 mihi
300 2376 339 2437 de
353 2378 452 2456 prima
467 2371 598 2435 deerant
612 2374 777 2436 trieteride
791 2395 930 2454 menses,

173 2459 336 2540 Ruperunt
350 2462 481 2520 tetricae
497 2479 564 2518 cum
579 2457 657 2518 mala
670 2478 767 2544 pensa
781 2459 868 2522 deae.

111 2543 218 2620 5Quid
233 2546 371 2625 species,
393 2544 469 2625 quid
481 2541 586 2622 lingua
600 2543 692 2621 mihi,
716 2544 790 2622 quid
803 2544 924 2626 proluit
942 2542 1048 2604 aetas‘l

174 2627 219 2686 Da
232 2627 373 2689 lacrimas
388 2625 522 2706 tumulo,
546 2628 599 2707 qui
613 2625 692 2706 legis
707 2629 783 2707 ista,
805 2648 883 2692 meo.
1051 2622 1059 2635 '

132 2709 184 2769 Sic
200 2709 238 2770 ad
254 2711 422 2790 Lethaeas,
444 2713 505 2772 uisi
518 2709 652 2771 Nestore
667 2713 782 2792 serius,
802 2712 898 2774 undas

174 2793 243 2854 Non
261 2803 327 2875 eat,
348 2799 467 2877 optabis
484 2814 574 2874 quem
590 2813 755 2876 superesse
768 2798 837 2861 tibi.

506 2933 626 2995 xcvii.

131 3041 221 3102 Nosti
235 3041 262 3100 si
277 3042 356 3101 bene
372 3041 530 3121 Caesium,
552 3041 679 3122 libelle,
712 3110 715 3115 ⁴

131 3126 299 3187 Montanae
315 3124 408 3185 decus
422 3125 569 3186 Umbriae
585 3128 746 3207 Sabinum,

131 3207 204 3269 Auli
218 3210 402 3289 municipem
416 3211 477 3270 mei
492 3208 658 3290 Pudentis,

130 3291 181 3353 llli
194 3299 228 3354 tu
244 3293 329 3354 dabis
344 3294 421 3354 haec
435 3291 487 3354 vel
502 3301 660 3374 occupato.

107 3377 251 3438 blusteut
264 3377 348 3439 mille
362 3376 439 3439 licet
455 3385 659 3459 premantque
675 3398 784 3459 curae,

130 3459 252 3522 Nostris
267 3463 450 3524 carminibus
465 3470 568 3523 tamen
582 3464 710 3525 vacabit.
