2370 3840
200 178 203 183 ¹
300 220 302 223 v
423 186 467 248 Μ,
483 187 575 250 VAL.
591 133 817 248 MARTlALlS

582 387 664 455 XIX.

182 505 326 564 Proxima
341 504 481 563 centenis
498 501 673 564 ostenditur
687 521 759 562 ursa
775 499 945 582 columnis,

224 588 385 651 Exornant
399 588 491 647 fictae
507 607 566 667 qua
578 584 744 666 platanona
758 587 854 646 lerae.

182 672 282 732 Huius
297 671 369 732 dum
382 670 503 752 patulos
518 668 659 731 alludens
676 675 809 750 temptat
822 671 925 731 hiatus

224 755 360 816 Pulcher
374 753 489 834 Hylas,
511 762 652 815 teneram
667 757 776 815 mersit
790 757 823 814 in
840 775 894 815 ora
909 775 1041 819 manum.
1131 834 1134 840 ῃ

161 840 299 921 5Vipera
314 838 370 900 sed
384 857 475 900 caeco
491 837 645 899 scelerata
654 836 777 899 latebat
790 841 823 899 in
838 857 911 899 aere

224 925 417 1002 Vivebatque
433 924 531 984 anima
545 922 705 983 deteriore
719 924 796 984 fera.

182 1007 251 1068 Non
265 1009 363 1068 sensit
378 1026 457 1087 puer
472 1025 541 1067 esse
556 1006 661 1084 dolos,
682 1009 742 1079 uisi
757 1007 852 1067 deute
866 1013 1014 1087 recepto,

224 1093 303 1152 Dum
317 1092 418 1173 perit:
442 1112 459 1151 o
474 1092 609 1170 facinus,
627 1091 705 1151 falsa
721 1090 803 1172 quod
821 1110 892 1152 ursa
905 1091 981 1152 fuit!

589 1225 657 1290 XX,

183 1339 256 1418 Dic,
277 1339 384 1418 Musa,
407 1339 482 1419 quid
496 1347 565 1419 agat
579 1341 692 1402 Canius
706 1359 792 1400 meus
808 1339 922 1401 Rufus:
992 1394 994 1398 ,

181 1423 334 1484 Utrumne
352 1424 468 1484 chartis
482 1424 579 1484 tradit
594 1423 650 1485 ille
665 1425 792 1484 victuris

182 1504 329 1585 Legenda
343 1514 518 1588 temporum
534 1515 601 1569 acta
615 1508 875 1570 Claudianorum?

182 1589 232 1649 An
248 1609 326 1669 quae
339 1590 457 1650 Neroni
470 1591 566 1652 falsus
581 1594 692 1653 astruit
707 1593 865 1672 scriptor?
930 1646 932 1650 ,

160 1674 232 1736 ann
248 1672 418 1734 aemulatur
432 1676 566 1756 improbi
579 1677 664 1736 iocos
679 1676 838 1737 Phaedri?

181 1757 326 1818 Lascivus
342 1756 440 1837 elegis
456 1779 493 1818 an
509 1778 634 1820 severus
650 1761 780 1820 herois?

180 1842 232 1902 An
245 1844 278 1901 in
293 1844 452 1903 cothurnis
466 1843 611 1904 horridus
626 1842 832 1924 Sophocleis?

180 1926 231 1986 An
247 1928 363 1987 otiosus
378 1928 411 1987 iu
425 1926 532 1989 schola
544 1934 706 2008 poetarum

179 2010 303 2092 Lepore
317 2013 431 2072 tinctos
447 2013 552 2073 Attico
567 2011 648 2074 sales
662 2011 790 2073 narrat?
865 2086 871 2096 .

138 2095 260 2158 10Hinc
274 2097 301 2156 si
316 2098 464 2175 recessit,
485 2099 639 2178 porticum
653 2099 731 2158 terit
744 2093 855 2176 templi

179 2181 229 2241 An
244 2183 342 2261 spatia
357 2183 456 2263 carpit
471 2180 576 2243 lentus
589 2180 857 2262 Argonautarum?

179 2266 228 2326 An
245 2264 398 2327 delicatae
414 2266 480 2327 sole
494 2287 602 2327 rursus
615 2259 761 2347 Europae

179 2349 265 2408 Inter
278 2356 424 2428 tepentes
438 2357 510 2430 post
528 2349 691 2411 meridiem
706 2352 803 2409 buxos

181 2430 279 2492 Sedet
294 2434 465 2493 ambulatve
478 2432 562 2494 liber
578 2436 699 2494 acribus
715 2434 821 2494 curis?

138 2525 171 2579 15
179 2515 286 2575 Titine
300 2518 431 2578 thermis
446 2537 484 2577 an
499 2516 619 2579 lavatur
633 2519 791 2599 Agrippae

179 2600 229 2660 An
244 2600 391 2681 impudici
405 2600 517 2662 balneo
534 2601 697 2680 Tigillini?

181 2683 230 2743 An
245 2703 320 2744 rure
336 2683 424 2745 Tulli
437 2687 553 2747 fruitur
569 2688 661 2766 atque
676 2686 815 2747 Lucani?

180 2768 229 2826 An
244 2766 383 2830 Polionis
398 2769 488 2831 dulce
504 2772 602 2831 currit
617 2770 655 2831 ad
671 2770 835 2850 quartum?

180 2851 229 2911 An
247 2859 423 2915 aestuantes
436 2857 496 2915 iarn
509 2857 671 2935 profectus
686 2854 725 2915 ad
739 2856 828 2914 Baias

138 2935 272 3014 20Piger
286 2937 419 2999 Lucrino
434 2938 616 3000 nauculatur
629 2942 663 2999 in
678 2938 809 3018 stagno?

180 3021 258 3098 „Vis
273 3021 356 3082 scire
370 3023 444 3103 quid
460 3029 529 3102 agat
543 3024 656 3085 (lanius
671 3024 764 3084 tuus?
791 3021 918 3085 Ridet.“

581 3159 662 3223 XXI.

180 3265 393 3346 Proscriptum
407 3267 540 3329 famulus
554 3271 688 3331 servavit
703 3271 809 3332 fronte
825 3274 940 3332 notata

220 3348 289 3410 Nou
303 3351 364 3412 fult
378 3353 456 3414 haec
470 3352 586 3415 domiui
602 3355 680 3426 vita,
701 3353 758 3416 sed
771 3353 894 3420 invidia.
