2370 3840
340 719 386 792 Μ.
406 714 513 792 vni.
535 715 790 794 MARTIALIS

251 888 880 985 iiitbibitiiti

453 1072 666 1137 ninuuxrv.

374 1259 763 1341 Apophoreta

556 1409 577 1468 1.

130 1520 335 1601 Synthesibus
351 1518 421 1581 dum
437 1519 551 1600 gaudet
565 1539 660 1600 eques
676 1520 877 1600 dominusque
892 1535 1017 1583 senator

172 1605 311 1683 Dumque
326 1604 439 1665 decent
454 1610 593 1666 nostrum
607 1603 691 1686 pilea
705 1613 824 1685 sumptu
838 1606 955 1681 Iovem;

128 1688 194 1767 Nee
207 1691 297 1750 timet
310 1687 443 1750 uedilem
459 1696 540 1750 moto
555 1696 697 1770 spectare
711 1691 837 1770 fritillo,

173 1775 250 1835 Cum
267 1771 369 1834 videat
384 1772 505 1852 gelidos
521 1780 583 1833 tum
596 1794 695 1854 prope
711 1793 805 1835 rernu
819 1774 919 1836 lucus:

106 1857 242 1920 univiris
258 1857 392 1918 alternas
409 1863 441 1916 et
455 1861 600 1937 pauperis
616 1860 721 1937 recipe
737 1864 855 1918 sortes:

170 1940 311 2000 Praemia
324 1942 467 1999 convivae
484 1940 560 1999 dent
573 1960 627 2001 suu
641 1943 771 2018 quisque
786 1961 850 2003 suo.

128 2024 230 2102 „Sunt
244 2025 352 2105 apinae
366 2024 525 2102 tricaeque
541 2029 573 2083 et
587 2025 613 2082 si
629 2022 703 2101 quid
715 2022 805 2084 vilius
819 2025 921 2088 istis.“

173 2108 248 2183 Quis
262 2106 385 2167 nescit?
406 2104 457 2166 vel
473 2108 541 2185 quis
561 2116 622 2167 tem
639 2108 801 2168 manifeste
815 2111 931 2188 neget?

130 2189 194 2251 Sed
209 2190 282 2270 quid
298 2209 382 2268 agam
397 2191 500 2270 potius
515 2189 660 2268 madidis,
682 2192 831 2271 Saturne,
853 2192 979 2273 diebus,

91 2283 126 2338 ie
173 2275 256 2350 Quos
273 2275 330 2334 tibi
343 2294 401 2354 pro
418 2274 503 2334 eaelo
518 2274 600 2335 iilius
616 2277 683 2355 ipse
699 2275 820 2336 dediti

127 2357 183 2422 Vis
198 2360 328 2419 scribam
345 2358 470 2419 'l'hebur
485 2358 648 2419 Troiamve
663 2357 796 2419 malasve
810 2361 981 2440 Mycenas?

172 2442 319 2521 „Lude,“
339 2443 457 2521 inquis,
479 2443 667 2525 „nucibus“:
688 2442 824 2523 perdere
839 2443 912 2505 nolo
927 2464 1034 2508 nuces..

129 2671 197 2747 Qun
211 2672 257 2730 vis
274 2692 394 2751 cunque
408 2671 478 2736 loco
494 2578 682 2753 pdt'edbunc
695 2675 786 2735 finire
800 2673 950 2739 libellum.

170 2754 321 2817 Versibus
336 2755 516 2837 explicitum
531 2764 580 2817 est
594 2776 684 2818 omne
700 2757 818 2820 duobus
834 2780 919 2841 opus.

550 2891 586 2956 11.

126 2984 285 3047 Lemmutu
299 2988 326 3047 si
340 2990 462 3066 quaeris
478 3009 533 3049 cnr
548 2958 610 3050 sint
625 2992 774 3071 ascripta,
795 2991 929 3055 docebo:

169 3070 229 3147 Ut,
249 3071 276 3131 si
291 3068 454 3151 malueris,
472 3071 617 3134 lemmata
632 3073 696 3135 sule
709 3073 805 3155 legas.

384 3200 432 3262 lii.
458 3200 635 3282 Pugillares
649 3203 745 3276 citrei.

129 3291 221 3354 Secta
235 3296 296 3357 nisi
309 3297 341 3357 in
356 3303 468 3358 tenues
483 3315 619 3358 essemus
634 3297 716 3378 ligne
732 3298 880 3378 tabellas,

168 3377 313 3440 Essemus
327 3381 436 3462 Libyci
451 3380 557 3442 nobile
572 3382 675 3443 dentis
693 3402 778 3445 onus.

126 3457 233 3524 bisen.
835 3463 877 3528 21.
897 3499 903 3512 ·
