2370 3840
99 191 161 256 114
419 143 463 249 Μ
480 187 571 251 VAL.
588 186 814 248 MARTIALIS

140 356 175 408 10
225 344 346 403 Aureus
362 347 395 400 ut
414 339 523 419 Scorpi
539 359 631 400 nasus
645 341 760 419 ubique
776 342 892 401 micet?

184 427 210 488 0
227 427 342 486 frustra
355 422 514 503 locuples,
537 444 554 482 o
572 422 779 484 dIssimulator
794 426 897 503 amiel,

226 512 311 570 Haec
323 508 403 588 legis
420 514 452 568 et
463 507 592 567 laudas?
622 509 707 584 Quae
722 509 779 567 tibi
794 509 874 569 fama
888 510 991 590 periti

562 641 670 704 XXVI.

184 755 274 832 Quod
290 753 379 836 alpha
394 754 474 832 din,
496 751 614 830 Corde,
636 752 869 832 paenulatorum

120 906 127 918 ‚
186 841 233 900 'le
248 858 362 919 nuper,
385 838 487 916 aliqua
503 856 570 896 cum
585 837 706 896 iocarer
721 838 752 895 in
768 838 890 917 charta,

185 925 219 984 Si
233 924 316 984 forte
332 921 427 984 bilem
443 922 537 980 movit
550 921 601 980 hic
615 922 672 980 tibi
687 940 809 1000 versus,

185 1011 275 1069 Dicas
289 1006 400 1067 licebit
416 1008 488 1066 beta
501 1024 549 1064 me
566 1011 748 1082 togatorum.

561 1128 687 1200 XXVII.

184 1255 343 1335 ingenium
357 1251 552 1330 studiumque
568 1252 625 1310 tibi
640 1270 803 1330 moresque
818 1271 981 1333 genusque

228 1339 306 1399 Sunt
321 1338 450 1415 equitis,
471 1336 587 1396 fateor:
610 1342 715 1404 cetero
727 1334 828 1415 plebis
841 1337 947 1404 habes.

163 1589 241 1652 ouis
256 1595 385 1668 septena
401 1588 458 1647 tibi
472 1606 534 1646 non
550 1593 620 1647 sunt
634 1586 782 1648 subsellia
796 1590 889 1667 tanti,

229 1671 395 1733 Utsedear
410 1673 475 1731 viso
491 1669 622 1750 pallidus
639 1671 772 1734 Oceano.

558 1805 692 1868 XXVIII.

188 1920 230 1980 Ut
245 1921 325 1980 bene
340 1918 485 1999 loquatur
500 1921 675 1998 sentiatque
692 1921 883 2000 Mamercus,

188 2003 325 2067 Efficere
339 2002 450 2081 nullis,
472 2003 568 2082 Aule,
591 2005 726 2064 moribus
738 2007 854 2084 possis:

187 2088 308 2149 Pietate
321 2089 435 2149 fratres
451 2088 575 2150 Curtios
589 2087 666 2148 licet
682 2090 799 2169 vincas,

190 2173 303 2248 Quiete
314 2172 447 2252 Neruas,
472 2174 616 2233 comitate
632 2174 788 2251 Rusones,

165 2257 349 2321 oProIItate
365 2259 504 2335 Macros,
526 2259 680 2336 aequitate
696 2257 867 2336 Mauricos,

188 2340 336 2402 OratIone
353 2340 505 2420 Regulos,
526 2341 602 2400 iocis
616 2340 744 2401 Paulos:

189 2425 385 2503 Robiginosis
403 2432 512 2484 cuncta
528 2423 673 2485 dentibus
689 2426 782 2488 rodit.

189 2509 353 2568 Hominem
368 2507 533 2587 maIIgnnm
550 2508 655 2568 Ionan
671 2528 740 2570 esse
754 2517 788 2570 tn
803 2508 927 2570 credasz

188 2593 254 2670 Ego
269 2611 338 2651 esse
353 2594 498 2653 miserum
515 2592 626 2671 credo,
650 2594 697 2653 cui
712 2592 814 2674 placet
828 2613 927 2656 nemo.

569 2741 676 2824 xxix.

194 2851 227 2914 Si
243 2852 364 2932 quando
379 2852 520 2935 leporem
535 2856 630 2915 millis
646 2855 736 2933 mihi,
760 2854 879 2935 Gellia,
902 2853 999 2935 dicis,

233 2936 420 3015 „Formosus
436 2946 573 3020 septem,
596 2940 720 3017 Marce,
739 2938 848 3000 diebus
863 2940 960 3005 erl's.“

192 3020 224 3081 Si
241 3040 303 3080 non
318 3020 462 3100 derides,
484 3024 647 3102 siveram,
668 3024 720 3084 lux
734 3043 817 3104 mea,
840 3043 980 3103 narras,-

230 3104 333 3167 I'tldirti
348 3125 516 3185 nunquam,
540 3107 657 3187 Gellia,
679 3115 712 3168 tu
726 3105 877 3189 leporem.

580 3241 675 3305 XXX.

192 3354 309 3434 Varro,
331 3349 507 3434 Sophocleo
522 3373 584 3415 non
598 3354 758 3414 intitiande
774 3313 942 3433 cothurno,

234 3438 299 3501 Nec
314 3441 413 3499 miuus
428 3439 460 3499 in
475 3437 606 3500 Calabra
621 3438 817 3520 suspiciende
831 3437 916 3519 lyra,
