2370 3840
323 182 667 246 EPIGRAMMATON
680 181 754 246 LIB.
770 184 808 248 X

131 342 237 400 Annos
252 336 359 398 addite
373 338 422 397 bis
435 355 550 416 precor
564 353 718 413 novenos,

131 425 175 485 Ut
188 422 324 483 nondum
337 422 431 481 nimia
444 422 533 500 piger
548 424 690 496 senecta,

132 507 195 567 Sed
208 506 289 569 vitae
303 507 403 566 tribus
420 506 501 564 areis
517 503 653 582 peractis

89 592 230 655 lobucos
243 590 370 672 Elysiae
384 595 487 669 petam
501 585 634 667 puellae.

133 678 209 736 Post
222 677 304 736 bunc
318 674 451 735 Nestora
466 691 526 732 nec
539 671 623 732 diem
636 673 761 749 rogabo.

517 805 613 869 XXV.

131 908 165 968 ln
178 909 327 968 matutina
344 925 443 985 nuper
461 910 617 986 spectatus
632 905 748 963 harena

173 991 313 1068 Mucius,
335 991 481 1069 imposuit
496 991 548 1068 qui
566 1008 621 1048 sua
635 989 772 1048 membra
785 988 880 1066 focis,

132 1075 165 1135 Si
179 1076 301 1154 patiens
317 1074 473 1152 durusque
487 1075 547 1133 tibi
562 1074 717 1151 fortisque
731 1071 871 1150 videtur,

174 1158 385 1218 Abderitanae
400 1166 529 1238 pectora
542 1156 644 1237 plebis
658 1157 765 1219 habes.

113 1242 209 1302 5Nam
225 1262 293 1302 cnm
307 1243 427 1303 dicatur
442 1244 546 1302 tunica
559 1247 726 1321 praesente
740 1238 872 1300 molesta

174 1327 261 1403 „Ure
275 1326 430 1403 manum,“
450 1325 520 1405 plus
535 1332 585 1384 est
602 1323 709 1383 dicere
723 1325 814 1401 „Non
831 1323 946 1384 facio.“

511 1456 622 1519 XXVI.

132 1555 232 1633 Vane,
255 1555 454 1616 Paraetonias
468 1556 557 1615 Latia
572 1554 663 1618 modo
678 1555 742 1615 vite
755 1574 814 1635 per
826 1558 920 1618 urbes

174 1639 294 1700 Nobilis
311 1646 344 1699 et
360 1646 484 1700 centum
499 1639 559 1700 dux
573 1638 772 1700 memorande
786 1641 877 1719 viris,

131 1725 174 1785 At
187 1743 285 1802 nunc,
307 1725 444 1784 Ausonio
461 1724 578 1785 frustra
592 1725 745 1804 promisse
764 1725 908 1801 Quirino,

174 1810 308 1889 Hospita
323 1809 437 1887 Lagaei
453 1806 557 1869 litoris
573 1810 681 1868 umbra
694 1810 788 1869 iaces.

110 1892 289 1972 5Spargere
306 1912 367 1952 non
380 1891 471 1954 licuit
484 1894 632 1972 frigentia
645 1893 771 1952 fletibus
786 1913 857 1969 ora,

173 1976 304 2054 Pinguia
317 1995 376 2036 nec
390 1979 515 2036 maestis
532 1975 648 2036 addere
664 1983 734 2035 tura
748 1977 842 2054 rogis.

132 2059 196 2119 Sed
212 2059 302 2119 datur
317 2067 444 2119 aeterno
459 2061 610 2119 victurum
625 2060 760 2119 carmine
774 2079 893 2121 munus.

174 2141 330 2222 Numquid
345 2150 378 2202 et
391 2144 466 2222 hoc,
480 2141 576 2203 fallar
590 2140 677 2220 Nile,
698 2160 813 2220 negare
827 2142 941 2222 potes?

511 2276 635 2340 XXVII.

133 2374 253 2454 Natali,
273 2375 427 2454 Diodore,
444 2384 498 2437 tuo
514 2378 639 2438 conviva
654 2381 779 2437 senatus

125 2521 129 2527 .
175 2461 331 2538 decubat,
353 2467 385 2521 et
399 2481 487 2521 rarus
501 2481 564 2521 non
579 2460 745 2520 adhibetur
759 2478 872 2540 eques,

133 2546 180 2605 Ac
197 2551 249 2605 tna
262 2547 401 2605 tricenos
414 2543 547 2625 largitur
562 2543 702 2626 sportula
715 2563 864 2608 nummos.

175 2629 272 2690 Nemo
287 2636 390 2691 tamen
405 2636 509 2690 natum
524 2636 575 2710 te,
596 2628 750 2706 Diodore,
771 2633 872 2708 putat..

503 2764 639 2826 XXVIII.

135 2861 295 2920 Annorum
309 2861 462 2941 nitidique
478 2868 563 2922 sator
578 2861 791 2942 pulcherrime
808 2859 930 2941 mundi,

181 2944 311 3007 Publica
327 2963 418 3024 quem
432 2948 564 3026 prImum
578 2951 649 3005 vota
663 2964 837 3026 precesque
850 2953 976 3024 vocant,

133 3028 263 3089 Pervius
278 3031 404 3108 exiguos
418 3031 579 3090 habitabas
595 3036 667 3090 ante
681 3036 830 3111 penates,

176 3112 313 3173 Plurima
329 3133 388 3192 qua
402 3113 536 3174 medium
550 3114 647 3174 Roma
660 3116 786 3174 terebat
799 3116 871 3176 iter.

111 3195 224 3257 5Nunc
238 3204 291 3258 tna
305 3198 468 3259 Caesareis
486 3200 651 3278 cinguntur
664 3197 773 3259 limIna
787 3197 893 3276 donis,

176 3281 219 3341 Et
232 3282 302 3342 fora
318 3289 366 3343 tot
379 3302 539 3361 numeras,
562 3284 649 3362 Iane,
672 3289 748 3363 quot
762 3303 816 3344 ora
831 3283 923 3360 geris.

134 3363 177 3423 At
191 3371 242 3442 tu,
265 3374 370 3427 sancte
384 3374 490 3448 pater,
513 3374 597 3427 tanto
612 3387 669 3447 pro
685 3385 814 3426 munere
828 3372 949 3444 gratus,

176 3448 298 3520 Ferrea,
308 3459 461 3533 perpetua
476 3451 608 3512 claustra
622 3459 712 3511 tuere
727 3469 805 3511 sera.

1028 183 1091 247 233
