2370 3840
101 172 162 238 102
423 174 467 235 M.
484 174 577 236 VAL.
593 174 819 236 MARTIALIS

552 377 683 439 LXXIII.

185 491 261 552 Cum
277 489 377 568 gravis
395 495 548 550 extremas
561 491 710 553 Vestinus
726 489 856 552 duceret
869 493 966 553 haras

225 574 267 635 Et
282 575 342 632 ism
358 591 415 652 per
430 573 553 653 Stygias
567 580 651 634 esset
664 575 764 634 iturus
780 594 889 653 aquas,

184 656 301 719 Ultima
315 656 475 719 volventes
491 660 700 740 oravit-pensa
714 678 855 738 soreres,

225 742 269 802 Ut
283 743 447 802 traherent
460 762 552 823 parva
567 742 696 803 stamina
710 741 795 822 pulla
808 763 902 804 mura.

162 825 246 889 5lam
265 827 323 885 sibi
341 824 504 886 defunctus
521 827 601 886 caris
616 824 687 886 dum
700 829 774 887 vivit
789 828 909 906 amieis,

226 910 393 970 Moverunt
405 911 533 970 tetricas
547 915 610 970 tam
624 911 674 990 pia
687 919 757 970 vota
772 909 854 972 deus.

187 993 276 1054 Tune
290 995 391 1073 largas
405 997 537 1074 partitus
553 1013 628 1074 opes
644 1015 661 1053 a
678 992 749 1055 lnce
763 997 896 1056 recessit

227 1079 330 1156 Seque
345 1080 424 1138 meri
439 1080 583 1158 posthoc
599 1077 734 1139 credidit
747 1077 802 1139 ille
818 1097 934 1141 senem.

556 1241 692 1304 LXXIV.

187 1358 324 1438 Aspicis,
343 1353 486 1415 imbelles
500 1362 655 1436 temptent
671 1376 760 1436 quam
775 1356 869 1417 furtin
885 1356 1026 1419 dammae

230 1439 376 1501 Praelia?
398 1445 459 1499 tam
474 1439 591 1500 timidis
608 1448 720 1520 quanta
735 1442 836 1501 sitire
850 1441 950 1502 feris?

186 1526 220 1584 ln
235 1532 366 1585 mortem
379 1525 482 1604 parvis
497 1543 685 1585 concurrere
701 1525 856 1585 frontibus
871 1525 990 1587 ardent.

227 1609 299 1686 Vis,
323 1608 453 1684 Caesar,
476 1606 603 1667 dammis
617 1609 771 1688 parcere?
792 1611 882 1669 mitte
898 1627 1000 1673 canes.

564 1770 685 1834 LXXV.

188 1882 307 1945 Ofelix
322 1883 439 1961 anime,
461 1882 551 1962 felix,
572 1882 715 1963 Nigrina,
737 1885 846 1944 marito

229 1971 332 2047 Atque
347 1968 431 2027 inter
444 1966 547 2027 Latias
561 1966 658 2047 gloria
671 1971 770 2050 prima
784 1988 895 2029 nurus:

188 2054 236 2113 Te
251 2053 368 2132 patrios
383 2053 514 2111 miscere
528 2053 611 2113 iuvat
626 2073 694 2114 eum
710 2055 839 2132 coniuge
854 2071 981 2132 census,

230 2135 424 2198 Gaudentem
439 2137 522 2196 socie
537 2139 743 2218 participique
758 2139 834 2198 vire.

167 2222 314 2282 5Arserit
328 2219 478 2282 Euhadne
492 2222 621 2281 flammis
634 2224 749 2282 iniecta
762 2221 883 2299 mariti,

229 2307 295 2365 Nec
310 2306 410 2364 minor
428 2303 569 2382 Alcestin
583 2306 663 2365 fama
678 2308 734 2366 sub
750 2312 832 2365 astra
845 2305 943 2364 ferat:

190 2389 239 2449 Tu
253 2386 380 2449 melius:
403 2395 489 2448 certo
508 2390 647 2449 meruisti
664 2391 795 2470 pignore
810 2391 909 2467 vitae,

230 2474 273 2534 Ut
287 2475 344 2534 tibi
358 2492 420 2532 nnn
436 2476 520 2531 esset
535 2479 635 2532 morte
648 2473 825 2554 probandus
839 2493 933 2534 amur.

439 2644 443 2652 ·
561 2622 695 2685 LXXVI.

189 2735 277 2796 Milia
292 2735 403 2795 misisti
415 2736 490 2794 mihi
505 2753 560 2795 sex
572 2736 620 2797 bis
634 2754 708 2796 sena
722 2738 858 2817 petenti:

230 2819 274 2879 Ut
288 2819 335 2878 bis
351 2837 426 2879 sena
438 2820 553 2898 ferum,
575 2821 623 2880 bis
639 2819 780 2882 duodena
795 2828 908 2902 petam.

553 2983 702 3047 LXXVII.

189 3097 351 3177 Nunquam
366 3096 487 3157 divitias
502 3097 577 3158 dees
590 3101 695 3178 rogavi

182 3182 362 3243 'Contentus
377 3179 505 3242 modicis
519 3201 650 3260 meoque
663 3180 773 3242 laetus.

189 3267 376 3347 Paupertas,
397 3267 516 3326 veniam
531 3265 633 3343 dabis,
655 3265 780 3326 recede.

190 3351 288 3411 Causa
303 3357 351 3410 est
368 3368 446 3430 quae
460 3352 554 3410 subiti
568 3351 701 3428 novique
715 3349 802 3411 voti?

167 3433 383 3496 5Pendentem
397 3431 467 3496 velo
484 3433 606 3519 Zoilum
620 3433 736 3496 videre.
