2370 3840
97 195 160 264 158
418 195 462 256 Μ.
478 193 570 257 VAL.
586 189 813 255 MARTIALIS

182 349 230 410 Te
243 349 295 430 pia
310 347 480 429 Cecropiae
496 348 659 407 comitatur
671 347 953 431 turbalMinervae,

225 432 273 493 Te
288 437 410 492 secreta
425 433 529 510 quies,
551 437 583 490 te
598 433 712 510 sophos
728 433 826 491 omnis
841 438 929 495 amat.

153 519 225 579 sAt
238 518 365 576 iuvenes
380 514 456 574 alios
473 515 573 575 fracta
587 515 662 576 colit
676 534 749 575 aare
764 517 910 594 magister

223 601 265 661 Et
278 602 360 681 rapit
372 601 543 659 immeritas
558 598 701 659 sordidus
716 605 827 660 unctor
841 617 927 679 opes.

181 682 251 744 Non
264 683 344 765 pila,
365 703 428 744 non
442 681 544 760 follis,
555 702 627 742 ¹non
641 689 673 743 te
688 686 835 763 paganica
848 683 979 744 thermis

223 767 409 849 Praeparat,
430 774 483 827 aut
498 765 573 826 nudi
587 768 702 845 stipitis
716 769 796 827 ictus
809 769 923 845 hebes,

81 890 84 895 ·
182 850 264 915 Vara
277 870 335 912 aec
351 852 385 911 in
402 850 490 911 lento
506 856 661 910 ceromate
676 851 802 911 brachia
816 851 936 929 tendis,

140 945 175 1000 ιο
223 937 292 994 Non
305 937 451 1014 harpasta
464 953 557 1012 vagas
569 931 788 1014 pulverulenta
800 937 900 1015 rapis,

182 1018 246 1080 Sed
263 1019 363 1078 curris
376 1019 481 1078 niveas
498 1023 617 1078 tantam
630 1036 730 1099 prope
744 1019 883 1097 Virginis
897 1019 1011 1099 undas,

224 1103 288 1162 Aut
302 1103 356 1162 ubi
372 1100 500 1162 Sidonio
515 1108 621 1162 taurus
636 1120 740 1162 amore
756 1100 845 1163 calet.

183 1187 245 1248 Per
258 1187 358 1247 varias
372 1191 471 1264 artes,
495 1187 593 1246 omnis
609 1187 718 1264 quibus
732 1204 804 1246 area
817 1187 935 1265 fervet,

225 1269 368 1351 Ludere,
391 1289 458 1330 cum
474 1269 569 1331 liceat
585 1288 730 1349 currere,
751 1271 878 1352 pigritia
891 1277 949 1333 est.

549 1403 687 1466 XXXIII.

185 1516 348 1579 Sordidior
363 1535 441 1577 ceno
457 1536 525 1576 oum
539 1519 581 1577 sit
593 1524 682 1598 toga,
702 1516 824 1578 calceus
839 1523 941 1577 autem

227 1599 396 1663 Candidior
410 1601 509 1679 prima
527 1602 569 1660 sit
582 1602 658 1678 tibi,
680 1601 795 1678 Cinna,
814 1601 900 1661 nive:

184 1686 314 1746 Deiecto
330 1683 420 1763 quid,
441 1685 565 1763 inepte,
585 1682 684 1764 pedes
697 1683 860 1763 perfundis
875 1684 1008 1743 amictui

227 1765 366 1846 Collige,
388 1767 502 1844 cinna,
523 1773 642 1846 togam3
664 1765 786 1828 calceus
802 1769 982 1850 occeperit.

553 1901 691 1964 XXXIV.

186 2015 253 2092 Quo
267 2016 366 2097 possit
379 2015 451 2075 fieri
464 2014 572 2093 modo,
595 2013 729 2091 Severe,

185 2100 229 2160 Ut
242 2101 289 2159 vir
305 2101 456 2179 pessimus
472 2101 606 2159 omnium
621 2098 775 2159 Charinus

186 2184 285 2244 Unam
299 2203 367 2248 rem
381 2184 608 2260 benefecerit,
628 2181 786 2262 requiris?

185 2267 308 2346 Dicam,
330 2269 387 2329 sed
401 2269 472 2333 cito.
503 2265 585 2343 Q‘cid
598 2263 725 2326 Nerone
739 2264 851 2346 peius?

166 2350 271 2427 cquid
284 2353 415 2412 thermis
427 2350 537 2412 melius
551 2349 759 2410 Neronianis?

185 2435 255 2495 Non
269 2432 359 2495 deest
372 2437 530 2516 protinus,
553 2451 644 2510 ecce,
667 2433 706 2492 de
720 2431 877 2512 malignis,

188 2518 249 2593 Qui
262 2519 307 2578 sic
322 2518 482 2580 rancidulo
496 2518 642 2598 loquatur
657 2535 729 2577 ore:

188 2601 253 2679 „Ut
267 2602 341 2680 quid
355 2609 390 2663 tu
405 2602 520 2662 domini
536 2600 649 2679 deique
664 2600 765 2660 nostri

188 2684 335 2746 Praefers
349 2688 527 2747 muneribus
540 2685 732 2745 Neroniana
739 2681 777 2741 ’.Μ

147 2767 340 2834 lo'l'hermss
353 2771 498 2853 praefero
514 2767 633 2830 balneis
649 2765 778 2830 cinaedi.

589 2901 714 2965 XXXV.

85 3077 88 3083 .
190 3017 316 3097 Inguina
329 3016 502 3076 succinctus
515 3017 605 3095 nigra
618 3015 676 3075 tibi
691 3031 798 3073 servas
814 3010 896 3073 aluta

234 3101 318 3178 Stat,
341 3101 484 3179 quotiens
499 3097 610 3158 calidis
623 3104 689 3159 tota
703 3098 819 3158 foveris
834 3097 929 3174 aquis.

190 3185 254 3248 Sed
267 3204 368 3263 meus,
388 3189 423 3243 ut
437 3182 476 3243 de
490 3201 540 3243 me
558 3188 691 3261 taceam,
712 3181 879 3257 Laecania,
902 3191 1008 3237 servus

232 3269 377 3330 Iudaeum
390 3266 473 3327 nuda
489 3269 545 3327 sub
562 3271 632 3325 cute
646 3263 767 3344 pondus
782 3264 893 3338 habet,

169 3353 257 3418 oSed
271 3354 346 3414 nudi
362 3360 464 3413 tecum
477 3353 665 3427 iuvenesque
681 3364 832 3425 senesque
845 3344 993 3405 lavantur.

233 3441 283 3501 An
297 3437 362 3500 sola
377 3444 426 3499 est
440 3438 521 3499 servi
535 3431 672 3495 mentula
686 3449 760 3493 vera
773 3429 842 3490 tui?
