2370 3840
333 169 673 253 nrmmnnauo'u
687 192 760 256 mn.
775 192 816 254 x.
853 185 856 191 ’
1034 195 1096 260 ano

137 348 199 408 Hic
217 365 274 425 ego
289 343 363 424 quid
377 344 511 404 faciam?
533 343 727 424 quidnobis,
748 345 863 424 Paule,
885 347 1054 429 relinquis,

181 433 241 508 Qui
255 429 294 490 de
308 428 402 509 plebe
416 428 533 489 Numae
548 426 706 507 densaque
720 432 811 491 turb'a
825 434 951 493 sumus?

115 516 199 592 bQui
214 533 262 573 me
277 515 443 594 respiciet,
465 511 620 571 dominum
635 531 803 592 regemque
817 518 955 576 vocabo?

179 600 248 659 Hoc
266 605 316 677 tu,
338 597 393 657 sed
408 602 521 676 quanto
537 595 695 656 blandius!
715 599 782 678 ipse
797 599 882 661 facis.

136 682 292 744 Lecticam
308 680 454 743 sellamve
470 682 604 758 aequari
621 699 680 741 nec
694 682 781 741 ferre
798 701 938 759 recusas,

178 767 240 826 Per
256 765 390 827 medium
404 784 522 846 pugnas
541 765 597 826 sed
610 767 697 846 prior
711 767 774 826 isse
787 765 896 827 lutum.

137 851 265 931 Saepius
282 869 437 928 assurgam
450 851 595 922 recitanti
611 851 768 909 carmina?
789 857 824 910 tu
836 856 899 910 stas

97 944 132 997 10
180 936 222 995 Et
234 937 354 1014 pariter
369 935 504 1012 geminas
521 933 624 994 tendis
638 935 671 991 in
689 954 744 994 ora
761 953 875 995 manus.

138 1019 219 1095 Quid
235 1019 330 1079 facIet
344 1037 478 1099 pauper,
500 1020 549 1077 cui
564 1016 718 1078 nonlicet
733 1037 803 1079 esse
820 1018 950 1079 clienti?

179 1103 303 1163 Dimisit
316 1110 438 1162 nostras
452 1122 589 1183 purpura
602 1108 706 1162 vestra
720 1110 815 1182 togas.

549 1237 600 1298 XI.

135 1354 188 1414 Nil
204 1353 287 1414 aliud
300 1354 454 1434 loqueris,
477 1374 566 1432 quam
581 1354 707 1414 Thesea
719 1355 970 1434 Pirithoumque,

180 1438 289 1516 Teque
303 1445 393 1518 putas
409 1437 536 1517 Pyladi,
559 1437 754 1515 Calliodore,
775 1457 889 1518 parem.

137 1522 336 1601 Dispeream,
358 1523 384 1582 si
400 1529 434 1581 tu
447 1520 556 1601 Pyladi
570 1528 731 1602 praestare
747 1521 902 1583 matellam

180 1606 297 1684 Dignus
312 1623 346 1665 es
361 1611 412 1666 aut
426 1625 538 1686 porcos
551 1624 681 1686 pascere
695 1607 838 1668 Pirithoi.

114 1689 277 1767 5„Donavi
292 1690 417 1750 tamen“
433 1690 536 1769 inquis
551 1693 670 1768 „amico
685 1690 770 1751 milia
783 1693 919 1771 quinque

177 1775 219 1833 Et
233 1773 330 1834 lotam
344 1781 379 1834 ut
392 1774 519 1835 multum
533 1781 645 1852 terque
659 1782 830 1854 quaterque
844 1775 980 1854 togam.“

137 1857 234 1934 Quid,
257 1857 340 1936 quod
353 1857 400 1918 nil
414 1878 546 1937 unquam
561 1857 695 1937 Pylades
711 1858 834 1919 donavit
848 1859 997 1920 Drestaer

180 1942 240 2018 Qui
254 1941 348 2001 donat
364 1945 499 2020 quamvis
513 1941 660 2022 plurIma,
681 1941 770 2022 plura
782 1950 884 2021 negat.

539 2075 605 2135 XII.

136 2187 287 2248 Aemiliae
305 2191 414 2264 gentes
430 2192 463 2245 et
475 2184 658 2265 Apollineas
676 2184 856 2265 Vercellas,

179 2273 221 2331 Et
235 2271 444 2330 Phaethontei
459 2271 511 2348 qui
525 2271 608 2349 petis
624 2288 694 2328 arva
707 2269 800 2348 Padi,

136 2354 183 2415 Ne
198 2357 311 2431 vivam,
333 2355 394 2414 nisi
410 2361 460 2429 te,
482 2354 614 2429 Domiti,
637 2352 758 2412 dimitto
772 2355 928 2432 libenter,

179 2440 276 2501 Grata
288 2438 366 2498 licet
382 2439 499 2497 sinete
515 2438 556 2498 sit
572 2438 647 2496 mihi
661 2435 748 2496 nulla
762 2437 837 2499 dies.
973 2506 979 2515 ,

136 2524 200 2584 Sed
215 2522 404 2583 desiderium
419 2523 498 2581 tanti
512 2527 577 2599 est,
598 2527 634 2582 ut
648 2539 749 2580 messe
762 2519 814 2582 vel
828 2526 889 2582 uua

177 2609 304 2668 Urbano
319 2607 441 2667 releves
456 2604 536 2666 colla
553 2611 679 2686 perusta
694 2606 775 2683 iugo.

135 2691 149 2751 I
163 2711 278 2771 precor
292 2697 325 2752 et
339 2697 422 2750 totos
438 2690 525 2751 avida
539 2697 609 2750 cute
624 2690 765 2749 combibe
781 2688 872 2749 soles.

180 2775 206 2835 0
223 2794 312 2852 quam
326 2774 496 2852 formosus,
519 2773 590 2833 dum
603 2773 805 2852 peregrinus,
829 2774 906 2834 eris!

137 2858 299 2918 novenas
316 2856 393 2917 albis
407 2877 470 2917 non
484 2855 696 2936 agnoscendus
712 2858 816 2917 amIcis

98 2950 129 3004 10
177 2943 361 3018 Livebitque
375 2942 437 3001 tuis
452 2939 570 3021 pallida
582 2941 675 3021 tqrba
689 2941 792 3017 genle!

137 3025 201 3086 Sed
214 3027 264 3085 via
282 3043 372 3105 quem
388 3023 529 3102 dederit,
551 3027 653 3104 rapiet
667 3023 729 3082 cito
745 3023 841 3085 Roma
858 3022 1011 3102 colorem,

177 3108 297 3170 Niliaco
315 3107 427 3168 redeas
448 3115 483 3167 tu
498 3107 574 3169 licet
593 3127 648 3168 ore
665 3107 763 3186 niger.

535 3242 613 3302 XIII.

137 3357 214 3418 Cum
231 3353 470 3417 cathedralicios
487 3360 594 3434 portet
610 3355 668 3414 tibi
685 3353 762 3414 reda
778 3353 940 3413 ministros

179 3441 222 3502 ut
237 3439 333 3520 Libys
347 3440 380 3499 in
396 3435 491 3519 longo
505 3436 640 3523 pulvere
655 3437 754 3498 sudet
770 3453 899 3514 eques,
