2370 3840
326 656 372 731 n.
403 613 506 732 mn
531 655 787 730 unnunus

242 770 874 924 ιιιιιιιιιιιιιιι

442 1011 601 1073 LIBER
628 1013 678 1076 iv.

550 1195 572 1255 1.

123 1307 268 1371 Caesaris
284 1305 362 1368 alma
377 1307 444 1368 dies
461 1314 495 1369 et
508 1306 580 1367 luce
595 1307 743 1367 sacratior
758 1305 826 1386 illa,

167 1392 297 1453 Conscia
311 1393 470 1452 Dictaeum
488 1411 546 1470 qua
559 1390 632 1450 tulit
644 1390 696 1451 lda
710 1391 827 1468 lovem,

120 1478 246 1555 Longa,
268 1494 398 1555 precor,
419 1475 570 1555 Pylioque
584 1476 655 1535 veni
669 1476 864 1536 numerosior
878 1494 952 1538 aevo

166 1560 297 1639 Semper
312 1567 346 1621 et
358 1561 418 1619 hoc
431 1559 515 1620 voltu
528 1558 577 1619 vel
591 1558 720 1619 meliore
735 1561 810 1620 nite.

100 1646 186 1709 5ch
203 1642 286 1705 colat
298 1643 417 1704 Albano
433 1643 598 1704 Tritonida
611 1641 725 1703 multus
740 1643 772 1702 in
787 1662 860 1703 auro

165 1729 290 1807 Perque
305 1747 410 1788 manus
424 1732 525 1788 tantas
538 1727 670 1807 plurima
685 1745 816 1805 quercus
831 1733 898 1803 eat;

123 1814 186 1874 Hie
201 1811 284 1872 colat
296 1812 417 1891 ingenti
431 1811 595 1872 redeuntia
611 1810 733 1871 saecula
745 1810 845 1871 lustro

165 1897 209 1958 Et
223 1915 301 1975 quae
314 1894 481 1957 Romuleus
496 1915 583 1955 sacra
598 1895 753 1956 Tarentos
768 1896 871 1956 habet.

122 1982 237 2059 Magna
253 1979 392 2059 quidem,
414 1980 543 2060 Superi,
565 1981 714 2060 petimus,
736 1977 792 2039 aed
808 1978 913 2039 debita
926 1980 1037 2039 terris:

82 2076 117 2129 10
165 2065 228 2125 Pro
243 2071 329 2124 tanto
345 2083 422 2144 quae
438 2070 510 2124 aunt
523 2065 664 2144 improba
677 2068 747 2123 vota
761 2061 844 2123 deo?

545 2198 580 2259 11.

127 2310 294 2392 Spectabat
308 2309 398 2371 modo
417 2311 499 2371 solus
514 2313 596 2371 inter
612 2329 717 2371 omnen
805 2360 807 2365 .

125 2395 231 2474 Nigris
246 2401 354 2454 munus
368 2396 516 2455 Horatius
532 2394 682 2473 lacernis,

126 2480 204 2540 (ium
218 2477 307 2559 plebs
323 2486 356 2538 et
368 2482 468 2540 minor
483 2477 559 2539 ordo
575 2481 782 2557 maximusque

127 2563 241 2624 Sancto
257 2582 325 2622 cum
340 2560 580 2624 duce'candidus
596 2562 730 2623 sederet.

127 2646 210 2707 Toto
224 2648 277 2707 nir
290 2645 404 2707 cecidit
418 2651 550 2728 repente
565 2646 667 2707 caelo:

125 2729 214 2790 Albis
228 2736 350 2810 spectat
362 2732 510 2791 Horatius
522 2729 665 2791 lacernis.

539 2865 587 2925 lll.

125 2975 241 3056 Aspice
258 2995 347 3056 quam
364 2975 490 3036 densum
505 2978 669 3036 tacitarum
679 2975 779 3038 vellus
793 2997 938 3057 aquarum

169 3060 293 3120 Defluat
308 3061 341 3119 in
356 3059 456 3120 voltus
471 3062 612 3122 caesaris
627 3062 722 3140 inque
737 3063 831 3125 sinus.

126 3142 271 3223 Indulget
284 3150 387 3203 tamen
402 3142 457 3215 ille
472 3144 551 3221 lovi,
573 3164 631 3204 nec
645 3147 762 3205 vertice
781 3154 864 3206 moto

170 3227 340 3288 Concretas
352 3229 442 3309 pigro
455 3228 573 3306 frigore
589 3228 672 3288 ridet
687 3248 795 3307 aquas,

104 3309 221 3376 tSidua
235 3312 433 3392 Hyperborei
449 3311 557 3397 solitus
570 3312 685 3372 lassare
701 3314 818 3372 Bootae

159 3394 213 3458 'Et
227 3394 357 3456 madidis
371 3396 503 3456 Helicen
518 3395 714 3458 dissimulare
730 3397 840 3459 comis.

850 3478 896 3543 Q*
