2370 3840
135 144 198 208 152
398 134 403 141 ’
457 142 502 204 Μ.
519 141 609 204 vul..
625 139 850 200 MARTIALIS

219 295 304 357 Uxor
320 294 448 354 moecha
461 293 521 352 tibi
536 296 600 350 est:
622 292 682 350 hoc
698 288 736 349 ad
750 294 783 349 te
795 289 949 370 pertinet,
971 288 1040 350 Ole.

262 378 369 438 Poscit
387 379 446 437 lam
464 374 568 435 dotem
583 372 649 434 fllia
664 372 801 452 grandis:
824 379 856 433 et
869 373 938 432 hoc.

178 472 211 526 15
218 462 331 522 Dicere
347 459 547 539 quindeciens
562 465 717 538 poteram,
739 456 821 537 quod
836 458 975 536 pertinet
988 453 1027 517 ad
1041 463 1091 520 tea

264 545 327 605 Sed
343 543 416 623 quid
430 562 516 623 agas,
539 541 640 602 adme
654 544 809 620 pertinet,
831 540 908 621 Ole,
931 539 1019 601 nihil.

630 675 682 738 XI.

221 790 313 869 (logis
328 809 377 849 me
392 787 505 849 calamo
519 807 671 867 manuque
687 794 793 848 nostra

219 873 394 934 Emendare
409 892 512 950 meos,
530 871 671 952 Pudens,
689 870 826 932 libellos.

221 958 248 1017 0
264 978 352 1037 quam
365 977 415 1017 me
429 958 554 1016 nimium
569 958 681 1035 probas
699 972 858 1034 amesque,

221 1043 282 1119 Qui
295 1043 341 1102 vis
357 1043 540 1120 archetypas
555 1041 671 1100 habere
686 1040 796 1118 nugas!

631 1173 694 1232 XII.

223 1289 275 1348 Sic
289 1307 339 1349 me
353 1288 459 1349 fronte
472 1286 558 1366 legat
571 1286 727 1365 dominus,
747 1286 912 1365 Faustino,
934 1306 1045 1348 serena

263 1373 465 1452 Excipiatque
480 1391 583 1451 meos,
606 1392 665 1450 quo
679 1369 762 1431 solet
777 1389 867 1448 aure,
888 1373 989 1450 iocos,

221 1456 264 1517 Ut
274 1475 347 1516 mea
362 1475 420 1516 nec
433 1458 515 1517 iuste
530 1475 607 1534 quos
625 1454 707 1533 odit,
729 1457 840 1535 pagina
854 1453 963 1534 laesit,

262 1539 304 1600 Et
317 1540 393 1597 mihi
409 1538 448 1598 de
463 1538 546 1598 nullo
562 1540 643 1598 famo
656 1541 771 1599 rubore
788 1537 901 1619 placet.

200 1621 306 1698 bQuid
320 1620 466 1700 prodest,
489 1623 612 1699 cupiant
627 1642 694 1681 cum
709 1621 831 1701 quidem
845 1626 951 1682 nostro
964 1621 1081 1702 videri,

264 1705 298 1764 Si
314 1704 559 1783 qua'Lycambeo
576 1706 723 1782 sanguine
742 1705 805 1764 telo
819 1704 966 1765 madenti

221 1789 453 1868 Vipereumque
467 1792 590 1847 vomant
604 1794 710 1847 nostro
726 1790 782 1848 sub
799 1789 923 1848 nomine
937 1790 1036 1867 virus,

265 1873 325 1949 Qui
337 1872 457 1931 Phoebi
471 1869 574 1931 radios
586 1872 673 1931 ferre
690 1872 833 1952 diemque
849 1873 986 1950 neganti

223 1955 370 2017 Ludimus
385 1955 526 2015 innocui:
548 1956 609 2015 scis
624 1956 683 2016 hoc
698 1959 794 2017 bene:
816 1958 884 2017 iuro
900 1958 1037 2038 potentis

179 2049 214 2103 10
262 2040 324 2100 Per
339 2041 462 2119 genium
476 2038 589 2100 Famae
607 2039 833 2121 Castaliumque
849 2060 976 2120 gregem

222 2125 345 2203 Perque
361 2131 429 2185 tuas
444 2143 549 2202 aures,
571 2126 672 2203 magni
687 2127 762 2186 mihi
776 2127 908 2186 numiuis
923 2127 1040 2202 instar,

262 2209 393 2288 Lector,
414 2210 578 2269 inhumana
590 2207 673 2269 liber
690 2212 726 2270 ob
740 2210 863 2271 invidia.

618 2352 696 2412 XIII.

225 2467 305 2524 Dum
320 2466 494 2525 Tiburtinis
509 2465 668 2525 albescere
683 2463 800 2523 solibus
815 2463 900 2524 audit

265 2550 394 2627 Antiqui
409 2547 512 2608 dentis
525 2549 610 2607 lusca
625 2546 754 2626 Lycoris
769 2548 862 2623 ebur,
937 2571 940 2577 ·

223 2632 319 2695 chlt
333 2633 365 2692 in
379 2631 552 2692 Herculeos
567 2629 673 2692 colles.
705 2629 785 2706 Quid
802 2630 929 2690 'liboris
943 2629 1000 2691 olii

264 2716 348 2776 Aura
363 2714 460 2778 volet!
488 2717 587 2777 Parvo
602 2720 744 2796 tempore
759 2715 848 2794 nigra
861 2713 951 2776 redit.

619 2849 699 2912 XIV.

223 2959 348 3021 Accidit
365 2960 524 3022 infandum
538 2968 663 3023 nostrae
678 2959 794 3040 scelus,
816 2958 913 3044 Aule,
934 2960 1073 3045 puellae:

266 3043 379 3104 Amisit
392 3042 478 3104 lusus
492 3045 679 3124 deliciasque
694 3066 780 3121 suas3

223 3128 293 3188 Non
308 3126 414 3207 quales
429 3131 530 3188 teneri
545 3128 679 3210 ploravit
696 3132 791 3191 amica
805 3130 921 3193 catam

266 3212 394 3289 Lesbia,
414 3213 563 3290 nequitiis
577 3216 712 3293 passeris
728 3217 803 3275 orba
817 3217 879 3292 sui,

204 3293 290 3359 5Vel
305 3294 423 3357 Stellae
438 3301 559 3356 cantato
572 3316 640 3356 meo
657 3317 730 3376 quas
746 3300 833 3360 flevit
845 3298 979 3376 Ianthis,

265 3379 358 3443 Cuius
371 3382 405 3442 ln
417 3378 523 3461 Elysio
537 3381 625 3460 ulgra
639 3380 778 3442 columba
791 3379 881 3444 volat.

102 3526 148 3616 Ι
