2370 3840
313 205 654 265 EPIGRAMMATON
667 205 742 266 ΗΒ.
757 206 794 267 ll.
1029 205 1071 270 47

505 406 602 467 XXX.

116 522 228 583 Mutua
241 521 352 597 vigInti
366 524 513 582 sestertia
527 522 611 581 forte
626 523 787 599 rogabam,

160 607 246 682 Quae
260 603 310 664 vel
325 603 452 666 donanti
467 626 529 666 nou
544 624 636 683 grave
650 625 758 664 munus
773 614 848 667 erat.

117 691 240 770 Quippe
254 690 422 767 rogabatur
436 689 574 770 felixque
588 697 737 768 vetusque
752 689 865 750 sodalis

157 774 301 835 Etouius
314 772 398 833 laxas
412 794 483 834 arca
498 772 635 852 flagellat
650 792 733 854 opes.

94 858 147 920 tls
161 858 239 918 mihi
252 858 368 937 „Dives
382 858 463 935 eris,
485 859 512 917 si
527 878 632 918 causas
647 857 771 937 egerIs“
786 857 895 936 iuquit.

161 941 252 1018 Quod
267 948 342 1021 peto
357 940 411 1020 da,
433 942 506 1002 Gai:
525 962 588 1002 uon
603 949 677 1022 peto
693 938 861 1002 conallium.

502 1089 610 1151 XXXI.

117 1202 219 1284 Saepe
240 1221 299 1282 ego
314 1203 509 1264 Chrestinam
530 1205 618 1264 futui.
653 1203 714 1264 Det
729 1162 819 1283 qurur
832 1205 913 1264 bene
928 1203 1073 1283 quaeris?

159 1287 260 1368 Supra
275 1285 359 1367 quod
372 1287 443 1348 lieri
456 1287 519 1365 nil,
540 1288 699 1367 Mariano,
719 1294 834 1369 potest.

494 1447 616 1511 mn

114 1560 168 1622 LIs
182 1562 260 1622 mihi
275 1581 343 1622 cunr
356 1559 452 1623 Balbo
469 1570 534 1642 est,
549 1569 584 1623 tu
597 1560 725 1622 Balbum
740 1560 902 1622 offendere
917 1581 980 1622 uon
992 1564 1049 1641 vis,

158 1646 306 1706 Pontice:
319 1666 386 1707 curu
396 1646 504 1707 Licino
515 1654 573 1726 est,
585 1649 636 1711 hic
647 1665 771 1727 quoque
780 1666 906 1726 magnus
917 1648 1072 1708 homoest.

115 1729 218 1793 Vexat
231 1749 326 1810 saepe
341 1749 441 1791 meum
456 1732 607 1792 Patrobas
622 1733 750 1792 confinis
766 1730 915 1812 agellum,

158 1814 277 1875 Contra
289 1812 438 1875 libertum
454 1816 596 1877 Caesaris
608 1817 656 1876 ire
672 1818 772 1878 times.

92 1898 262 1976 5Abnegat
277 1906 311 1959 et
324 1899 442 1959 retinet
456 1908 594 1961 nostrum
609 1900 741 1960 Laronia
754 1919 893 1978 servum,

157 1981 344 2062 Respondes
359 1983 466 2061 „Orba
481 1992 545 2061 est,
568 1983 669 2061 diues,
692 2003 781 2063 auus,
803 1983 926 2046 vidua.“

115 2063 186 2125 Non
200 2066 299 2144 bene,
321 2065 416 2127 erede
429 2068 521 2146 mihi,
543 2087 632 2128 servo
648 2069 781 2128 servitur
797 2069 909 2128 amico:

159 2148 209 2209 Sit
220 2149 322 2229 liber,
345 2149 485 2211 domiuus
501 2152 554 2232 qui
567 2149 652 2212 volet
666 2170 736 2211 esse
750 2170 846 2214 meus.

483 2299 618 2361 XXXIII.

116 2411 181 2471 Gur
195 2430 259 2470 uon
274 2412 359 2470 basio
374 2418 424 2491 te,
439 2411 607 2473 Philaeni?
623 2413 706 2474 calva
721 2430 764 2474 es.

116 2495 181 2555 Gur
195 2513 260 2553 non
273 2496 358 2554 basio
374 2502 424 2575 te,
438 2496 606 2558 Philaeni?
620 2497 689 2556 ruia
705 2514 748 2558 es.

116 2579 180 2641 our
195 2597 257 2637 non
272 2579 357 2638 basio
373 2585 423 2658 te,
438 2580 605 2641 Philaeni?
619 2580 705 2640 lusca
720 2599 762 2641 es.

114 2663 202 2723 Ilaec
217 2662 270 2741 qui
283 2663 397 2742 basin,
420 2685 437 2724 o
452 2663 611 2743 Philaeni,
632 2663 730 2725 fellat.

483 2828 613 2890 XXXIV

118 2937 196 2997 (lum
211 2937 335 3018 placeat
349 2940 492 3001 Phileros
506 2947 572 3001 tota
587 2942 644 3001 tibi
661 2939 734 3000 dote
748 2937 947 3019 redemptus,

159 3021 234 3084 Tris
248 3025 366 3104 pateris
380 3032 487 3102 natos,
508 3023 613 3102 Galla,
634 3024 742 3106 perire
757 3023 846 3084 fame.

114 3107 297 3167 Praestatur
310 3127 386 3168 cano
401 3114 487 3169 tanta
501 3108 694 3187 indulgentia
709 3128 826 3184 cunno,

158 3192 257 3267 Quem
270 3210 330 3253 neo
344 3199 428 3252 casta
441 3199 546 3272 potest
560 3194 621 3267 iam
636 3190 777 3252 decuisse
793 3192 906 3253 Venus.

93 3273 305 3356 5Perpetuam
320 3274 353 3335 di
366 3281 400 3336 te
413 3276 529 3337 faciant
542 3274 711 3336 Philerotis
727 3276 871 3351 amicam,

157 3360 183 3420 0
198 3366 315 3439 mater,
339 3380 399 3440 qua
410 3379 470 3420 neo
482 3358 594 3422 Pontia
609 3359 756 3420 deterior.
