2370 3840
116 189 179 252 254
319 191 362 250 M.
378 190 469 251 VAL.
484 188 709 250 MARTIALIS
722 191 854 253 EPIGR.
869 192 903 254 L.
918 193 955 254 X.

203 341 389 418 Gaditanus,
412 343 520 420 Anile,
543 340 625 401 dicat
639 342 738 420 istud,

202 427 263 501 Qui
277 426 387 486 scribit
402 423 482 484 nihil
497 431 529 485 et
547 432 650 485 tamen
666 432 759 505 poeta
773 434 831 488 eat.

596 558 671 618 0111.

201 671 392 752 Municipes,
415 674 552 752 Augusta
566 673 641 731 mihi
658 690 734 750 quos
750 670 874 733 Bilbilis
890 676 953 734 acri

242 756 351 816 Monte
366 762 471 835 creat,
492 754 608 835 rapidis
624 775 714 834 quem
731 753 802 816 Salo
818 757 913 835 cingit
928 760 1030 839 aquis,

200 838 323 919 Ecquid
335 838 417 899 laeta
431 841 514 899 iuvat
527 841 623 899 vestri
639 859 693 899 uus
709 838 808 918 gloria
821 842 921 900 vatis?

209 979 220 987 ,
241 923 317 982 Nam
332 920 426 983 decus
444 929 477 982 et
490 941 602 981 numen
616 922 756 1000 famaque
774 929 877 984 vestra
892 944 1011 1006 sumus,

178 1005 266 1068 bNec
281 1025 335 1068 sua
348 1004 419 1085 plus
433 1005 527 1066 debet
542 1006 628 1066 tenui
643 1005 768 1068 Verona
786 1005 908 1068 Catullo

241 1089 359 1168 Meque
373 1088 450 1149 velit
464 1088 526 1149 dici
540 1108 604 1148 non
617 1090 716 1148 minus
730 1087 785 1149 illa
799 1110 893 1150 suum.

201 1173 353 1249 Quattuor
366 1175 497 1233 accersit
511 1174 666 1233 tricesima
681 1173 831 1233 messibus
846 1181 956 1253 aestu,

242 1258 286 1317 Ut
300 1258 367 1317 aine
381 1275 431 1316 me
447 1257 558 1318 cereri
571 1258 687 1317 rustica
699 1255 763 1316 liba
778 1255 866 1318 datis.

199 1340 326 1401 Moenia
343 1339 414 1401 dum
430 1341 556 1402 colimus
572 1339 713 1400 dominae
727 1339 935 1420 pulcherrima
948 1342 1084 1424 Romae,

158 1435 192 1487 10
241 1426 403 1485 Mutavere
417 1443 501 1484 meas
515 1422 592 1485 ltala
606 1444 702 1503 regua
721 1444 829 1484 comas.

203 1509 354 1588 Excipitis
369 1507 489 1588 placida
501 1506 648 1569 reducem
663 1510 689 1568 si
703 1513 823 1586 mente,
843 1509 998 1584 uenimus3

241 1592 361 1670 Aspera
378 1593 405 1650 si
420 1593 527 1669 geritis
543 1590 653 1670 eorda,
672 1591 778 1652 redire
795 1591 879 1652 licet.

600 1724 677 1786 clv.

200 1837 334 1898 mostra
350 1857 470 1917 comes,
490 1839 501 1897 i
515 1836 641 1915 libelle,
664 1837 758 1898 Flavo

198 1922 335 2000 Longum
349 1941 406 2002 per
421 1941 523 2001 mare,
544 1920 600 1982 sed
617 1922 747 1982 faventis
761 1922 877 2003 undae,

197 2005 240 2067 lut
254 2026 344 2066 cursu
358 2005 443 2067 facili
456 2008 579 2086 tuisque
593 2007 693 2067 ventis

201 2090 357 2170 Hispanae
370 2098 444 2170 pete
460 2090 646 2151 Tarraconis
661 2108 757 2150 arces.

179 2172 292 2236 slllinc
306 2180 339 2234 te
354 2180 423 2234 rota
436 2173 528 2235 tollet
542 2180 574 2234 et
590 2176 700 2234 citatus

199 2255 302 2317 Altam
315 2256 443 2318 Bilbilin
458 2265 490 2318 et
504 2265 588 2319 tuum
604 2257 747 2316 Salonem

200 2342 313 2417 Quinto
328 2343 459 2402 forsitan
473 2340 583 2402 essedo
598 2341 726 2400 videbis.

201 2422 281 2499 Quid
296 2424 437 2485 mandem
452 2427 526 2503 tibi,
551 2425 695 2504 quaeris?
725 2423 768 2483 Ut
782 2420 904 2483 sodales
1013 2460 1017 2464 ·

198 2509 332 2587 Paucos,
355 2507 410 2568 sed
425 2516 548 2570 ueteres
566 2514 599 2568 et
613 2514 683 2567 aute
697 2508 819 2567 brumas

157 2591 340 2670 loTriginta
354 2594 430 2652 mihi
448 2597 653 2671 quattuorque
665 2591 746 2650 visus

197 2673 266 2754 Ipsa
280 2676 420 2754 protinus
436 2696 452 2735 a
465 2677 513 2735 via
528 2673 644 2734 salutes
767 2686 772 2695 “

197 2758 239 2817 ut
252 2764 390 2819 nostrum
406 2758 568 2819 admonear
583 2755 715 2818 subinde
730 2755 874 2836 Flauum,

197 2840 347 2902 lucundus
360 2844 436 2902 mihi
450 2862 509 2904 nec
525 2842 697 2902 laboriosus

199 2925 346 2985 Secessus
360 2928 462 3005 pretio
477 2932 567 3007 paret
582 2924 715 3003 salubri,

155 3019 190 3074 15
199 3010 258 3084 Qui
271 3009 392 3088 pigrum
407 3010 521 3070 faciant
535 3016 620 3070 tuum
634 3013 806 3089 parentem.

196 3093 283 3153 Haec
300 3099 380 3152 suut.
407 3093 467 3152 lam
482 3092 616 3153 tumidus
630 3099 718 3153 vocat
732 3093 878 3171 magister

198 3177 396 3256 Castigatque
412 3196 527 3255 moras,
550 3184 583 3237 et
597 3197 670 3236 aura
681 3182 802 3256 portum

197 3261 322 3321 laxavit
335 3259 464 3335 melicr;
485 3258 569 3338 vale,
591 3258 715 3319 libelle:

196 3344 326 3424 Navem,
348 3346 408 3405 scis
425 3349 517 3426 putu,
539 3362 602 3402 nou
617 3349 755 3403 moratur
767 3359 853 3403 uuus.
