2370 3840
423 169 468 230 M.
481 169 573 232 VAL.
587 167 813 229 MARTIALIS

181 485 302 547 Sedere
315 486 416 566 primo
431 484 542 546 solitus
559 486 592 544 in
608 481 705 562 gradu
720 501 844 564 semper

182 571 288 649 Tunc,
303 590 372 630 cum
384 569 498 631 liceret
513 586 682 648 occupare,
704 567 878 655 Nanneius,

180 656 233 715 Bis
247 656 396 715 excitatus
411 661 523 734 terque
538 651 698 713 transtulit
713 658 829 730 eastra,

180 740 222 799 Et
235 741 319 799 iuter
333 740 415 818 ipsas
429 756 528 818 paene
544 739 657 797 tertius
672 734 765 796 sellas

159 824 258 884 5Post
273 823 444 900 Gaiumque
458 822 646 899 Luciumque
662 819 813 881 consedit.

179 906 269 968 Illinc
284 906 404 967 cucullo
419 906 571 986 prospicit
584 911 676 985 eaput
689 910 790 965 tectus

182 990 343 1071 Oculoque
356 989 448 1051 ludos
463 995 584 1070 spectat
596 988 746 1049 indecens
759 1008 830 1049 uuo.

180 1076 222 1137 Et
237 1077 310 1135 hinc
324 1076 419 1136 miser
435 1073 575 1135 deiectus
590 1075 623 1133 iu
636 1074 715 1133 viam
728 1074 857 1151 transit,

183 1158 401 1239 Subsellioque
416 1157 589 1222 semifultus
605 1163 744 1219 extremo
791 1184 793 1188 ·

141 1245 222 1308 lollt
236 1242 317 1305 male
330 1250 477 1324 receptus
492 1242 592 1303 altero
608 1261 689 1321 genu
703 1243 815 1320 iactat,

180 1329 289 1409 Equiti
303 1328 415 1390 sedere
430 1329 583 1407 Leitoque
599 1345 633 1388 se
651 1333 744 1388 stare.

587 1494 654 1558 XV.
767 1488 771 1494 ’

186 1623 317 1699 Quintus
332 1627 508 1681 nostrorum
522 1619 606 1680 liber
621 1629 685 1699 est,
704 1623 859 1699 Auguste,
880 1621 1036 1698 iocorum,

225 1707 268 1768 llt
283 1706 424 1785 queritur
437 1704 540 1764 laesus
557 1705 691 1764 carmine
704 1723 794 1764 nemo
809 1723 895 1782 meo,

184 1788 307 1852 Gaudet
320 1791 472 1850 honorato
490 1788 547 1848 sed
561 1786 674 1849 multus
688 1790 812 1849 nomine
827 1788 945 1869 lector,

226 1874 284 1935 (lui
297 1876 415 1934 victura
430 1892 499 1934 mee
513 1891 642 1933 munere
656 1873 736 1933 fama
752 1872 850 1934 datur.

163 1958 289 2038 5„de
300 1964 402 2019 tamen
414 1960 491 2018 haec
503 1963 634 2038 prosunt
645 1958 781 2036 quamvis
792 1960 972 2019 venerantia
986 1958 1098 2020 multos
1105 1957 1144 2019 ’.Μ

225 2043 294 2104 Non
308 2045 430 2124 prosint
446 2061 536 2122 saue,
557 2060 607 2102 me
623 2048 725 2102 tamen
740 2042 799 2102 ista
813 2043 926 2105 iuvant.

575 2208 658 2271 XVI.

184 2335 273 2396 Seria
289 2354 356 2395 eum
371 2336 503 2414 possim,
526 2334 609 2413 quod
625 2334 814 2396 delectantia
828 2335 907 2396 malo

226 2419 390 2496 Scribere,
411 2426 550 2479 tu‘causa
565 2438 615 2495 es,
637 2419 739 2480 lector
754 2421 867 2496 amice,
888 2420 982 2498 mihi,

184 2504 243 2580 Qui
257 2500 337 2581 legis
353 2509 386 2562 et
399 2507 465 2562 tota
480 2509 583 2562 cantas
600 2521 666 2563 mea
682 2506 816 2564 carmina
830 2506 940 2564 Roma:

227 2585 290 2646 Sed
303 2588 420 2663 neseis,
443 2587 549 2666 quanti
563 2592 627 2646 stet
641 2589 716 2647 mihi
731 2587 803 2649 talis
817 2609 911 2650 amor.

162 2671 261 2733 5Nam
275 2672 301 2730 si
316 2670 450 2731 falciferi
466 2669 638 2731 defendere
656 2671 773 2752 templa
788 2673 938 2733 Tonantis

225 2753 434 2834 Sollicitisque
448 2755 541 2816 velim
555 2754 693 2817 vendere
707 2759 802 2817 verba
819 2759 901 2833 reis,

84 2864 86 2867 ·
180 2838 337 2900 Plurimus
349 2841 501 2920 Hispanas
516 2843 621 2901 mittet
634 2842 709 2901 mihi
723 2848 815 2901 nauta
829 2845 978 2901 metretas

226 2925 268 2985 Et
281 2925 338 2983 fiet
350 2925 434 2984 vario
447 2925 591 2986 sordidus
607 2945 680 2986 aere
698 2927 792 2985 sinus.

182 3011 225 3070 At
239 3028 319 3080 nuuc
338 3011 463 3069 conviva
478 3016 527 3070 est
542 3012 785 3089 comissatorque
799 3007 942 3087 libellus,

112 3170 115 3174 Α
141 3106 174 3158 10
222 3094 264 3153 Et
277 3098 396 3153 tautum
411 3097 505 3173 gratis
521 3096 631 3176 pagiua
643 3102 749 3156 nostra
763 3093 877 3174 placet.

182 3177 246 3238 Sed
260 3198 322 3237 uon
337 3184 370 3238 et
384 3185 509 3240 veteres
525 3182 664 3241 conteuti
681 3178 773 3241 laude
788 3180 932 3255 fuerunt,

225 3263 302 3323 Cum
315 3263 471 3323 minimum
487 3267 549 3324 vati
563 3285 671 3326 munus
686 3262 791 3326 Alexis
806 3268 883 3326 erat.

182 3346 312 3425 „Belle“
327 3348 431 3426 inquis
445 3347 561 3426 „dixti2
584 3351 682 3426 iuvat,
706 3356 738 3408 et
751 3346 944 3408 laudabimus
957 3341 1090 3423 usque.“

223 3430 431 3492 Dissimulas‘l
451 3433 548 3494 facies
563 3452 630 3513 me,
651 3438 744 3514 puto,
766 3428 962 3492 causidicum.
