2370 3840
239 208 243 213 ·
306 179 646 242 EPIGRAMMATON
662 180 737 242 LlB.
751 181 799 243 111.

520 383 598 446 XllL

118 495 199 557 Dum
212 515 276 556 non
290 497 335 555 vis
349 497 469 576 pisces,
492 493 563 555 dum
578 514 641 555 uon
655 496 701 555 vis
717 514 846 575 carpere
860 495 963 578 pullos

158 578 284 662 utplus
300 599 390 660 quam
403 581 504 660 putri,
526 580 656 658 Naevia,
678 581 779 660 parcis
795 600 886 661 apro,

115 665 251 726 Accusas
264 665 443 744 rumpisque
463 683 585 742 cocum,
606 669 752 743 tauquam
766 666 867 726 omnia
881 665 976 726 cruda

159 748 322 810 Attulerit.
349 748 511 828 Nunquam
527 750 572 808 sic
588 767 645 827 ego
661 747 773 809 crudus
789 767 852 810 ero.

511 910 592 974 XIV.

115 1025 243 1086 Romam
257 1025 387 1105 petebat
401 1025 536 1083 esuritor
551 1025 686 1085 Tuccius

157 1109 323 1170 Profectus
340 1125 378 1168 cx
393 1107 551 1188 Hispania.

116 1193 261 1255 Occurrit
274 1191 324 1252 illi
338 1190 548 1273 sportularum
561 1192 681 1254 fabula:

157 1279 184 1339 A
198 1282 295 1358 ponte
311 1274 407 1337 rediit
420 1275 548 1338 Mulvio.

518 1437 586 1502 XV.

116 1567 191 1630 Plus
209 1567 313 1630 credit
326 1588 417 1630 nemo
433 1590 523 1650 quam
536 1576 602 1631 tota
616 1569 737 1632 Gordus
751 1572 784 1631 in
798 1573 884 1633 urbe.

158 1653 260 1733 „Cum
275 1655 317 1714 ait
331 1659 394 1714 tam
407 1673 542 1736 pauper,
567 1655 718 1736 quomodo
726 1656 764 1716 ‘3⁶‘
793 1656 911 1717 Caecus
927 1664 1014 1718 amat.

511 1818 593 1883 xvi.

114 1929 176 1991 Das
191 1928 398 2011 gladiatores,
420 1938 559 1993 sutorum
573 1931 700 2012 regule,
723 1932 835 2013 cerdo,
882 1963 891 1979 ·

159 2013 311 2097 Quodque
325 2017 384 2076 tibi
398 2017 509 2077 tribuit
525 2017 648 2096 subula,
670 2019 733 2079 sica
746 2020 837 2099 rapit.

115 2098 229 2160 Ebrius
244 2117 294 2160 es:
314 2119 417 2181 neque
433 2103 515 2161 euim
528 2102 650 2162 faceres
665 2103 724 2162 hoc
740 2104 861 2163 sobrius
880 2123 1029 2184 uuquam,

157 2184 200 2244 Ut
214 2182 311 2244 velles
328 2187 413 2246 corio
426 2185 552 2264 ludere,
575 2183 686 2264 cerdo,
708 2189 771 2246 tuo.

94 2267 232 2330 5Lusisti
247 2270 348 2329 corio:
369 2268 489 2349 redte,
510 2271 586 2330 mibi
601 2268 712 2347 crede,
734 2275 889 2331 memento

157 2351 246 2412 Nunc
259 2353 294 2412 in
307 2351 472 2433 pellicula,
496 2352 608 2433 cerdo,
630 2358 741 2414 tenere
756 2360 816 2415 tua.

506 2519 600 2582 xvss.

117 2645 303 2707 Circumlata
321 2647 373 2708 diu
387 2651 502 2710 mensis
516 2647 656 2710 scriblita
670 2644 813 2706 secundis

157 2731 277 2792 Urebat
291 2733 385 2792 nimio
401 2751 491 2794 saeva
506 2733 609 2794 calore
623 2749 747 2804 manus;

116 2813 180 2876 Sed
195 2817 290 2893 magis
304 2814 433 2878 ardebat
447 2815 554 2877 Sabidi
568 2815 654 2895 gular
675 2816 816 2895 protinus
831 2831 905 2892 ergo

158 2899 300 2960 Sufflavit
314 2903 419 2961 buccis
434 2908 547 2980 terque
564 2907 734 2981 quaterque
749 2899 820 2958 ruia.

93 2982 174 3048 oilla
190 2982 314 3065 quidem
330 2987 433 3066 tepuit
447 2984 624 3065 digitosque
639 2983 804 3043 admittere
820 2983 884 3042 visa
899 2985 963 3059 est,

158 3068 222 3130 Sed
236 3088 327 3130 nemo
341 3071 443 3151 potuit
456 3077 602 3148 tongere:
626 3065 733 3129 merda
747 3067 815 3126 fuit.

498 3231 607 3294 XVlll.

114 3344 302 3408 Perfrixisse
316 3352 384 3406 tuas
401 3351 509 3425 questa
521 3351 571 3406 est
583 3345 735 3425 praefatio
750 3344 865 3407 fauces.

159 3430 237 3490 Gum
249 3435 283 3492 te
298 3431 470 3510 excusaris,
492 3430 643 3509 Maxime,
665 3426 739 3509 quid
753 3425 890 3487 recitari

966 177 971 188 '
1034 183 1075 248 63
