2370 3840
137 192 202 260 314
462 195 507 258 Μ.
522 194 613 256 VAL.
630 193 856 255 MAR'I'IALIS

515 395 592 456 LXI.
615 397 803 476 Attagenae.

221 510 309 570 Inter
325 528 451 590 sapores
465 510 567 569 fertur
584 508 689 569 alitum
703 512 819 590 primus

223 595 394 654 Ionicarum
410 599 516 673 gustus
531 598 751 671 attagenarum.

469 727 558 788 LXII.
583 724 729 790 Gallinae
744 726 855 790 attilae.

222 826 362 886 Pascitur
379 832 412 885 et
427 823 510 884 dulci
523 811 623 884 facilis
638 823 750 902 galliua
764 824 881 901 farina,

265 910 406 970 Pascitur
421 915 454 968 et
467 910 616 970 tenebris.
646 908 808 985 Ingeniora
822 906 892 986 gula
907 915 968 974 cst.

517 1040 620 1102 LXIII.
647 1039 799 1119 Capones.

222 1140 269 1202 Ne
285 1141 374 1201 nimis
390 1141 537 1201 exhausto
553 1144 761 1199 macresceret
775 1140 901 1218 inguine
916 1137 1046 1225 gallus,

265 1224 377 1286 Amisit
390 1230 498 1288 testea.
529 1223 617 1284 Nunc
631 1223 707 1282 mihi
722 1220 832 1283 Gallus
848 1225 919 1285 erit.

431 1363 438 1371 ”
545 1357 652 1421 LXIV.
675 1356 771 1418 Idem,

222 1457 400 1518 Succumbit
415 1455 516 1516 sterili
531 1457 647 1516 frustra
662 1453 776 1534 gallina
789 1456 908 1515 marito.

266 1540 353 1599 Hauc
368 1541 475 1599 matris
490 1538 626 1618 Cybeles
642 1557 711 1598 ease
728 1538 858 1599 decebat
874 1556 988 1601 avem..

531 1671 625 1734 LXV.
646 1671 797 1732 Perdicca.

224 1770 356 1830 Ponitur
370 1770 515 1829 Ausoniis
530 1771 592 1828 avii
606 1769 683 1827 haec
698 1769 854 1829 rarissima
867 1771 998 1831 mensIs:

266 1855 353 1914 Hanc
369 1855 402 1914 in
416 1853 534 1934 piscina
547 1850 658 1912 Iude're
673 1869 766 1932 saepe
781 1851 872 1914 soles.

505 1986 610 2048 LXVI.
635 1983 810 2047 Columbae.

225 2086 272 2148 Ne
285 2085 383 2148 violes
398 2093 523 2146 teneras
540 2086 666 2166 periuro
687 2083 780 2144 dente
795 2082 965 2161 columbae,
1006 2102 1009 2106 ·

269 2171 398 2232 Tradita
413 2172 439 2230 si
454 2169 585 2230 Gnidiae
600 2175 671 2228 suut
686 2169 743 2228 tibi
757 2187 843 2227 sacra
860 2167 946 2229 deae.

536 2301 656 2364 LXVII.
678 2301 828 2362 Palumbi.

226 2402 352 2482 Inguina
366 2401 503 2480 torquati
517 2399 641 2459 tardant
654 2400 864 2476 hebetantque
880 2395 1028 2478 palumbi.

269 2486 338 2547 Non
356 2484 428 2544 edet
442 2485 521 2543 hanc
535 2481 690 2543 volucrem
708 2483 760 2561 qui
775 2483 860 2562 cupit
876 2499 945 2541 esse
962 2479 1062 2546 colax.

515 2602 647 2680 varri.
672 2613 809 2677 aaaron.

226 2713 361 2776 GalbIna
375 2715 529 2797 decipitur
544 2712 666 2774 calamis
681 2718 714 2772 et
727 2714 845 2773 retibus
860 2708 941 2788 ales,

270 2798 391 2876 Turget
407 2799 505 2860 adhuc
520 2797 611 2859 viridi
627 2817 695 2857 cum
710 2795 796 2856 rudia
811 2815 868 2856 uva
882 2812 978 2856 mero.

535 2931 641 2992 LXIX.
667 2930 789 2991 Cottae.

227 3026 419 3087 Pannonicas
432 3028 521 3088 nobie
535 3048 688 3108 uunquam
704 3025 791 3086 dedit
804 3025 933 3086 Umbria
947 3029 1064 3087 catinae

269 3108 388 3173 Mavolt
401 3109 478 3170 haec
494 3110 617 3172 domino
633 3114 758 3172 mittere
776 3108 856 3170 dona
868 3108 1004 3173 Pudens.
1097 3114 1103 3122 ’

529 3244 622 3306 LXX.
646 3243 798 3306 Pavones.

230 3343 373 3422 Miraris,
396 3341 537 3422 quotIens
552 3347 740 3418 gemmantes
755 3339 890 3422 explicat
905 3337 983 3418 alae,

268 3427 309 3486 nt
322 3433 412 3508 potes
429 3427 511 3485 hunc
525 3442 614 3484 saevo
631 3424 775 3504 tradere,
797 3424 891 3503 dure,
914 3422 1014 3484 coco‘i
