2370 3840
323 202 663 266 EPIGRAMMATON
676 206 750 269 LIB.
766 207 817 272 Vi.
1030 208 1089 273 131

136 358 254 420 Versus
269 359 408 417 scribere
425 355 477 436 qui
491 362 597 438 potest
612 357 763 437 disertos,

137 442 336 519 Conscribat‚
358 441 486 501 Laberi:
509 442 607 500 virum
622 443 745 521 putabo.

540 590 607 654 XV.

136 704 214 763 Dum
230 705 445 765 Phaethontea
458 705 588 766 formica
600 711 726 784 vagatur
740 707 773 765 in
787 709 911 788 umbra,

177 787 332 868 implicuit
348 793 475 848 tenuem
489 790 594 849 sucina
608 796 693 868 gutta
707 789 813 850 feram.

136 870 187 932 Sic
201 871 291 932 modo
307 890 385 950 quae
400 871 504 933 fuerat
519 874 580 932 vita
595 878 771 954 contempta
785 879 945 953 manente,

176 955 352 1016 Funeribus
366 956 448 1015 facta
466 962 513 1017 est
529 976 609 1018 nunc
624 959 762 1037 pretiosa
774 958 846 1021 suis.

533 1120 614 1183 xv1.

137 1229 188 1291 Tu
204 1233 256 1310 qui
272 1251 353 1312 pene
367 1235 450 1294 viros
466 1240 569 1293 terres
584 1239 616 1294 et
628 1232 710 1294 falce
726 1234 888 1312 cinaedos,

176 1314 284 1393 Iugera
293 1317 428 1398 ‚sepositi
441 1336 537 1396 pauca
550 1323 639 1376 tuere
655 1315 723 1378 soli.

137 1398 189 1458 Sic
205 1407 257 1458 tua
272 1419 333 1459 non
347 1401 467 1460 intrent
479 1397 577 1461 vetuli
591 1402 728 1480 pomaria
743 1401 847 1477 fures,

178 1480 241 1544 Sed
255 1501 334 1564 puer
348 1490 381 1544 et
394 1480 495 1562 longis
510 1481 640 1563 pulchra
654 1482 758 1564 puella
773 1486 875 1545 comio.

526 1632 620 1695 xvh

138 1743 283 1822 Cinnam,
307 1743 471 1825 Ginname,
493 1751 525 1805 te
541 1747 630 1807 iubes
644 1747 755 1807 vocari.

134 1827 202 1887 Non
218 1833 266 1887 eat
280 1828 346 1906 hic,
368 1847 461 1907 rogo,
484 1829 599 1908 Cinna,
622 1831 851 1890 barbarismus?

136 1911 186 1970 Tu
202 1913 229 1971 si
242 1911 355 1972 Furius
373 1919 444 1972 ante
462 1911 565 1973 dictus
580 1932 680 1992 esses,

134 1994 199 2054 Fur
216 1998 275 2054 iata
289 1997 409 2054 ratione
429 1994 590 2056 dicereris.

516 2155 624 2218 XVIII.

137 2267 250 2327 Sancta
264 2264 404 2327 Salonini
420 2270 514 2328 terris
529 2269 698 2347 requiescit
711 2270 839 2330 Hiberis

178 2351 245 2428 Qua
258 2350 370 2412 melior
386 2351 508 2433 Stygias
522 2372 585 2413 non
603 2352 688 2414 videt
702 2355 810 2414 umbra
825 2351 941 2414 domos.

136 2434 199 2497 Sed
212 2434 322 2515 lugere
335 2437 439 2497 nefas:
461 2438 596 2515 namqui
611 2444 662 2516 te,
685 2438 809 2517 Prisce,
829 2436 976 2520 reliquit,

176 2520 261 2595 Viuit
276 2541 335 2600 qua
347 2519 445 2582 voluit
462 2523 565 2582 vivere
582 2528 672 2602 parte
684 2523 787 2602 magia.

535 2668 614 2730 xlx.

136 2781 205 2841 Non
225 2778 264 2839 de
281 2781 312 2840 vi
325 2799 427 2860 neque
443 2781 555 2860 caede,
576 2800 634 2843 nec
651 2802 788 2863 veneno,

134 2863 197 2925 Sed
214 2860 254 2923 lis
272 2869 320 2924 est
335 2867 410 2925 mihi
426 2865 465 2926 de
480 2868 580 2927 tribus
596 2866 735 2947 capellis.

133 2946 238 3011 Vicini
257 2966 372 3027 queror
386 2950 442 3010 has
456 2952 566 3011 abesse
581 2949 674 3013 furto.

134 3033 202 3093 Hoc
218 3031 311 3093 iudex
325 3032 386 3092 sibi
398 3032 534 3113 postulat
549 3035 692 3112 probari:

114 3116 188 3179 5Tu
205 3116 325 3177 Cannas
339 3115 648 3195 Mithridaticumque
663 3115 780 3180 bellum

87 3213 89 3218 '
133 3201 175 3261 ht
188 3200 326 3280 periuria
339 3200 448 3260 Punici
463 3200 578 3259 furoris

135 3285 176 3345 ht
190 3284 289 3345 Sullas
305 3285 485 3364 Mariosque
501 3284 684 3364 Muciosque

135 3368 247 3447 Magna
260 3387 336 3430 voce
351 3388 441 3429 sonas
456 3387 609 3447 manuque
624 3374 698 3428 tota.
734 3408 741 3414 „

135 3451 197 3512 lam
211 3451 278 3532 dic,
299 3451 463 3534 Postume,
479 3453 518 3513 de
534 3453 632 3513 tribus
651 3448 788 3532 capeliis.
839 3533 886 3593 q*
