2370 3840
301 184 647 246 ‘EPIGRAMMATON
657 185 730 246 Lm.
744 186 795 248 IV.
1030 188 1071 254 87

518 384 585 447 XV.

117 501 209 564 Mille
225 501 284 561 tibi
298 519 435 562 nummos
451 501 599 560 hesterna
612 498 682 559 luce
697 501 817 577 roganti

160 587 194 646 in
210 576 264 645 sci
277 590 330 645 aut
344 588 479 663 septem,
502 582 693 660 Caeciliane,
712 580 796 661 dies,

117 671 211 750 „Non
225 669 348 729 habeo“
364 667 440 728 dixi:
462 666 518 727 sed
533 673 567 728 tu
581 673 721 728 causatus
736 667 824 726 amici

160 752 332 814 Adventum
346 751 464 813 lancem
479 770 636 832 paucaque
650 770 720 811 vasa
732 768 831 828 rogas.

92 836 237 900 {rStultus
252 838 308 897 es?
330 855 368 896 an
382 834 511 896 stultum
524 853 573 895 me
590 834 709 913 credis,
732 834 851 895 amice?
870 836 978 914 negavi

159 919 251 983 Mille
265 922 323 981 tibi
337 939 491 999 nummos,
513 918 598 980 milia
614 921 749 999 quinque
764 917 866 978 dabo?

511 1053 591 1116 XVI.
642 1061 644 1065 ’

118 1167 294 1244 Privignum
308 1185 370 1225 non
387 1171 542 1239 essetuae
558 1171 606 1242 te,
629 1162 718 1224 Galle
756 1182 907 1224 novercae

157 1250 274 1311 Rumor
289 1255 374 1327 erat,
397 1250 528 1309 coniunx
543 1247 614 1308 dum
628 1248 688 1307 init
702 1207 756 1306 ida
769 1249 876 1326 patris.

117 1332 186 1394 Non
201 1339 304 1393 tamen
319 1335 379 1393 hoc
394 1339 519 1413 poterat
532 1334 599 1392 vivo
616 1332 758 1409 genitore
771 1331 905 1409 probari.

159 1419 220 1478 Iam
234 1437 382 1497 nusquam
397 1423 487 1497 pater
503 1422 569 1494 eat,
590 1414 697 1492 Galle,
720 1433 852 1474 noverca
867 1414 950 1476 domi
965 1421 1023 1476 eat.

92 1502 250 1580 aMagnus
266 1503 302 1562 ab
321 1501 452 1560 infernis
467 1506 631 1560 revocetur
648 1496 769 1558 Tullius
784 1500 899 1559 umbris

157 1585 199 1645 ut
216 1590 248 1645 te
265 1583 413 1645 defendat
430 1583 565 1662 Regulus
579 1584 647 1663 ipse
661 1582 754 1660 licet,

117 1669 185 1729 Non
198 1674 288 1749 potes
303 1666 434 1729 absolvi:
457 1687 527 1728 nam
544 1686 622 1747 quae
637 1671 704 1725 non
715 1665 831 1726 desinit
846 1684 914 1726 esse

159 1753 234 1812 Post
250 1759 388 1833 patrem,
410 1771 581 1831 nunquam,
603 1748 710 1828 Galle,
730 1768 863 1810 noverca
876 1750 945 1814 fnit.

501 1884 594 1947 xvir.
680 1943 686 1958 ,

116 1999 235 2061 Facere
250 1958 284 2058 in
296 1997 471 2077 Lyciscam,
490 1996 602 2076 Paule,
621 2016 669 2057 mc
682 2000 770 2058 iubes
784 2016 907 2076 versus,

118 2083 235 2159 Quibus
249 2080 303 2142 ilia
320 2080 412 2142 lectis
426 2083 535 2140 rubeat
551 2087 583 2139 et
597 2083 638 2140 sit
652 2084 739 2142 irata.

116 2167 144 2227 0
158 2164 271 2244 Paule,
293 2164 389 2227 malus
404 2184 453 2225 es:
474 2166 625 2259 irrumare
639 2166 685 2224 vis
702 2165 794 2228 solus.

503 2312 609 2376 xviii.

118 2428 186 2504 Qua
202 2427 302 2487 vicina
315 2425 395 2506 pluit
410 2427 553 2507 Vipsanis
568 2432 658 2505 porta
673 2423 822 2485 columnis

159 2511 201 2571 Et
215 2510 319 2570 madet
333 2510 454 2570 assiduo
468 2510 605 2571 lubricus
617 2511 716 2570 imbre
730 2508 825 2589 lapis,

117 2595 152 2655 ln
169 2593 305 2673 iugulum
318 2596 426 2674 pueri,
449 2596 501 2674 qui
515 2593 636 2654 roscida
650 2599 733 2654 tecta
747 2594 884 2672 subibat,

160 2677 283 2739 Decidit
296 2680 427 2739 hiberno
444 2680 620 2759 praegravis
635 2677 717 2739 unda
731 2677 817 2757 gelu:

93 2763 257 2841 iocumque
272 2764 448 2843 peregisset
459 2764 565 2823 miseri
581 2761 720 2822 crudelia
734 2762 813 2838 iata,

163 2847 278 2907 Tabuit
291 2849 324 2906 in
341 2846 440 2907 calido
455 2846 583 2906 vulnere
597 2865 703 2905 moero
718 2853 818 2906 tener.

119 2930 202 3006 Quid
213 2951 277 2991 non
291 2950 380 2992 saeva
394 2932 454 2991 sibi
468 2929 565 2990 voluit
578 2931 717 2990 Fortuna
731 2929 851 2989 licere?

160 3016 222 3075 Aut
236 3017 289 3076 ubi
304 3035 365 3074 non
380 3033 461 3075 mors
477 3019 540 3093 eat,
562 3016 588 3074 si
602 3013 745 3092 iugulatis
761 3013 880 3093 aquae?

513 3148 592 3208 XIX.
641 3155 646 3165 ‘

117 3261 205 3320 Hanc
219 3262 276 3321 tibi
292 3259 481 3340 Sequanicae
495 3263 639 3341 pinguem
655 3263 794 3323 textricis
808 3259 975 3337 alumnam,

162 3345 247 3421 Quae
262 3344 537 3406 Lacedaemonium
551 3346 681 3406 barbara
695 3365 806 3405 nomen
822 3347 933 3423 habet,

19 3437 23 3445 '
118 3427 270 3528 Sordida,
293 3429 350 3490 sed
363 3428 466 3508 gelido
480 3449 542 3492 non
558 3428 751 3511 aspernanda
767 3430 933 3489 Decembri
