2370 3840
94 148 105 169 ⁶
151 192 216 256 aas
478 194 523 256 ru.
538 194 630 257 vnn.
647 195 873 257 minorans

483 395 561 458 civ.
584 393 703 458 Saccus
716 400 862 461 nivarius.

236 497 407 556 Attenuare
421 496 507 556 nives
522 504 637 555 norunt
653 501 685 556 et
700 496 796 557 lintea
809 503 933 557 nostra:

278 578 436 658 Frigidior
453 579 522 640 colo
536 599 599 639 non
614 580 684 640 salit
699 581 780 641 unda
792 587 856 641 tuo.

449 714 513 776 GV.
536 687 666 776 lUrceoli
676 706 902 775 ministratorii.

236 813 363 891 Frigida
377 831 439 872 non
455 812 553 890 desit,
573 832 634 873 non
650 813 754 874 deerit
767 811 855 872 calda
868 817 1012 892 petenti.

278 895 342 958 Sed
355 903 388 956 tu
405 915 526 956 morosa
538 895 651 957 ludere
665 916 759 978 parce
775 897 837 959 siti.
906 935 911 944 ·

504 1031 581 1092 cvl.
609 1028 725 1092 Urceus
728 1030 850 1111 fictilia.

236 1129 297 1189 llic
310 1130 370 1188 tibi
386 1127 517 1189 donatur
534 1129 635 1208 panda
649 1130 744 1189 ruber
759 1147 871 1191 urceus
885 1148 971 1190 ansa.

279 1212 401 1273 Stoicus
414 1214 474 1273 hoc
490 1211 622 1292 gelidam
636 1214 755 1275 Fronto
767 1214 896 1294 petebat
909 1233 1037 1292 aquam.

550 1347 640 1411 cvss.
666 1347 800 1408 Galatici.

233 1447 297 1507 Nos
311 1446 430 1524 Satyri,
453 1465 509 1506 nos
523 1448 661 1507 Bacchus
676 1456 771 1525 amat,
791 1465 848 1506 nos
862 1446 951 1506 ebria
965 1448 1085 1532 tigris,

275 1530 424 1591 Perfusos
439 1529 554 1589 domini
568 1528 706 1591 lambere
722 1530 812 1590 docta
825 1528 932 1611 pedes.

448 1663 552 1725 cvlfl.
578 1663 698 1726 Calices
710 1665 890 1747 Saguntini.

234 1762 319 1839 Quae
333 1780 396 1820 non
412 1757 565 1820 sollicitus
579 1767 687 1821 teneat
703 1769 868 1840 servetque
884 1762 1052 1846 minister,

279 1845 371 1906 Sume
387 1845 555 1924 Saguntino
570 1843 681 1924 pocula
698 1847 779 1907 iacta
792 1845 869 1908 luto.

474 1981 550 2043 CIX.
578 1982 698 2043 Calices
711 1983 869 2062 gemmati.

235 2079 427 2140 Gemmatum
443 2079 598 2159 Scythicis
612 2086 646 2139 ut
659 2077 763 2140 luceat
777 2079 900 2157 ignibus
915 2098 1045 2162 auram,

278 2165 401 2244 Aspice.
432 2164 514 2241 Quot
530 2163 644 2243 digitus
659 2165 744 2225 exuit
756 2164 817 2223 iste
834 2160 934 2228 calixl,

483 2299 546 2359 CX·
570 2299 722 2380 Ampulla
730 2300 867 2379 potoria.

233 2398 301 2457 Hac
313 2396 391 2460 licet
405 2398 438 2457 in
453 2415 586 2477 gemma,
610 2405 712 2458 servat
727 2416 804 2476 quae
819 2395 942 2456 nomina
957 2395 1088 2481 Cosmi,

274 2481 461 2560 Luxuriose,
480 2483 583 2561 bibas,
606 2484 632 2542 si
648 2481 755 2541 foliata
771 2482 850 2540 sitis.

516 2615 593 2675 cxl.
619 2614 820 2693 Crystallina.

231 2711 390 2793 Frangere
405 2713 475 2773 dum
491 2714 618 2789 metuis,
640 2702 765 2788 franges
781 2707 976 2790 crystallina:
999 2722 1140 2792 peccant

276 2797 409 2858 Securae
423 2799 549 2858 nimium
565 2796 780 2875 sollicitaeque
795 2813 910 2855 manus.

487 2932 577 2992 cxll.
600 2927 729 2991 Nimbus
742 2931 853 2990 viteus.

231 3030 258 3089 A
272 3029 343 3089 love
360 3030 411 3107 qui
425 3032 547 3110 ueniet,
569 3030 725 3092 miscenda
741 3029 779 3089 ad
792 3026 904 3108 pocula
917 3027 1021 3108 largas

270 3112 397 3176 Fundet
411 3113 531 3174 nimbus
547 3136 656 3194 aquas:
677 3115 728 3174 hic
745 3114 803 3173 tibi
819 3115 887 3173 vina
904 3111 1001 3173 dabit.

530 3248 634 3308 exui.
655 3247 809 3310 Murrina.

229 3347 263 3407 Si
278 3345 398 3408 caldam
412 3350 519 3430 potas,
537 3345 660 3406 ardenti
674 3365 776 3406 murra
790 3341 925 3406 Falerno

102 3490 144 3600 Ι
272 3431 425 3494 Convenit
439 3436 472 3493 et
486 3430 596 3492 melior
610 3431 646 3490 iit
661 3449 752 3510 aanor
765 3425 839 3488 inde
852 3445 949 3488 mero.
