2370 3840
278 181 619 245 EPIGRAMMATON
630 182 706 244 LIB.
722 185 787 248 VII.
993 183 1057 250 loo

466 381 603 445 LXXVI.

102 496 192 572 Quod
206 503 239 556 te
256 494 407 575 diripiunt
420 496 615 575 potentiores

99 581 161 641 Per
176 581 329 657 convivia,
351 580 506 659 porticus,
527 578 667 658 theatra,

100 665 142 724 Et
156 671 274 741 tecum,
299 666 441 743 quotiens
455 665 498 723 ita
512 662 668 742 incidisti,

101 748 226 809 Gestari
240 749 323 808 iuvat
341 753 374 807 et
388 749 471 807 iurat
483 745 594 806 lavaris

56 839 74 894 6
98 829 204 892 Nolito
219 833 344 891 nimium
359 832 418 891 tibi
432 829 566 910 plaeere.

99 914 261 994 Delectas,
281 913 477 994 Philomuse,
499 933 561 975 non
576 914 695 974 amaris.

463 1048 613 1111 LXXVII.

97 1163 221 1240 Exigis,
242 1167 412 1224 utnostros
428 1161 540 1222 donem
552 1163 627 1241 tibi,
648 1161 768 1242 Tucca,
789 1163 923 1228 libellos.

141 1246 210 1307 Non
223 1247 350 1308 faciam:
372 1266 442 1306 nam
460 1247 505 1306 vis
520 1244 675 1325 vendere,
696 1265 758 1306 non
772 1245 889 1325 legere.

454 1379 618 1443 LXXVIII.

99 1490 176 1550 (lum
191 1488 335 1552 Saxetani
350 1496 482 1571 ponatur
497 1489 592 1550 cauda
606 1488 718 1550 lacerti

140 1575 197 1652 Et,
220 1577 300 1636 bene
316 1576 342 1634 si
357 1594 466 1652 cenas,
489 1575 616 1635 conchis
630 1576 755 1635 inuncta
768 1576 842 1636 tibi:

98 1657 229 1738 Sumen,
253 1679 375 1738 aprum,
395 1657 552 1738 leporem,
574 1656 714 1737 boletos,
737 1664 857 1740 ostrea,
880 1659 992 1724 mullos

139 1742 256 1803 Mittis:
279 1744 374 1803 habes
388 1760 447 1802 nee
462 1761 531 1820 eor,
553 1741 680 1825 Papile,
702 1762 761 1805 nec
776 1747 908 1825 genium.

466 1875 602 1938 LXXIX.

97 1987 205 2048 Potavi
219 1987 309 2049 modo
325 1987 488 2049 consulare
502 1990 614 2048 vinum.

98 2071 246 2149 Quaeris,
268 2092 358 2151 quam
371 2079 459 2132 vetus
476 2077 568 2149 atque
581 2069 738 2133 liberale?

98 2155 167 2233 lpso
185 2157 311 2217 consule
330 2155 503 2215 conditum:
525 2153 581 2213 sed
595 2155 681 2234 ipse,

99 2239 157 2314 Qui
172 2241 322 2318 ponebat,
345 2245 432 2317 erat,
450 2238 583 2316 Severe,
605 2237 722 2300 consul.

471 2386 592 2450 LXXX.

98 2500 255 2575 Quatenus
270 2501 419 2580 Odrysios
433 2501 494 2560 iam
508 2520 567 2583 pax
580 2500 716 2560 Romana
728 2499 848 2558 triones

140 2584 310 2664 Temperat
326 2592 359 2644 et
373 2586 506 2645 tetricae
521 2586 700 2645 conticuere
714 2583 824 2658 tubae,

96 2667 187 2728 Hune
200 2667 387 2729 Marcellino
403 2671 539 2750 poteris,
559 2668 724 2745 Faustine,
744 2664 888 2726 libellum

142 2752 290 2813 Mittere:
312 2755 371 2813 iam
387 2754 519 2831 chartis,
538 2754 598 2811 iam
613 2756 701 2811 vacat
714 2749 771 2810 ille
785 2751 871 2810 iocis.

73 2833 162 2895 asad
178 2837 205 2895 si
218 2857 312 2916 parva
326 2838 372 2896 tui
387 2835 566 2896 munuscula
581 2835 704 2913 quaeris
719 2835 808 2894 amici

138 2919 380 2998 Commendare,
401 2920 484 2980 ferat
499 2920 632 2979 carmina
647 2924 754 2980 nostra
766 2936 861 3000 puer:

95 3003 164 3062 Non
183 3003 282 3084 qualis
297 3005 426 3065 Geticae
442 3005 569 3063 satiatus
582 3001 664 3062 lacte
679 3004 826 3064 iuvencae

140 3087 308 3149 Sarmatica
323 3086 426 3167 gelido
443 3086 525 3147 ludit
538 3087 571 3145 in
586 3105 674 3147 amne
688 3093 775 3166 rota,

91 3170 160 3232 'Sed
174 3172 360 3253 Mitylenaei
375 3189 483 3231 roseus
498 3172 657 3249 mangonis
671 3172 825 3252 ephebus,

54 3265 89 3318 lo
140 3256 202 3318 Vel
216 3277 278 3318 non
295 3275 401 3317 caesus
416 3255 515 3316 adhue
530 3263 629 3317 matre
642 3257 770 3316 iubente
786 3254 899 3314 Lacon.

96 3340 139 3399 At
151 3342 209 3401 tibi
226 3343 345 3421 captivo
361 3340 492 3401 famulus
511 3342 653 3402 mittetur
668 3341 705 3400 ab
720 3339 845 3415 Histro,

139 3424 199 3501 Qui
214 3425 395 3487 Tiburtinas
408 3444 538 3506 pascere
554 3425 653 3506 possit
668 3441 749 3484 oves.
