2370 3840
99 184 141 248 44
277 275 280 280 .
416 184 461 245 ιι.
480 183 572 245 vnn.
592 181 818 246 nanninus

226 336 352 397 Assidet
370 342 402 396 ct
421 334 594 414 cathedris,
615 339 732 404 maesta
748 335 893 413 iuvenca,
915 336 986 398 tuis.

182 420 258 481 lndc
275 421 356 500 petit
371 426 493 480 centnm
507 418 677 499 pendentia
693 424 776 479 tecta
794 417 959 498 columnis,
1060 470 1068 482 .

145 516 175 567 ιο
224 503 315 564 lllinc
332 504 461 583 Pompei
479 502 559 562 dona
574 515 743 580 nemusque
763 501 884 582 duplex.

182 587 247 648 Nec
261 587 425 648 Fortunati
444 588 564 667 spernit
581 605 639 645 nec
657 584 769 646 balnea
784 584 908 664 Fausti,
968 630 971 636 .

223 671 288 732 Nec
306 669 409 751 Grylli
426 673 572 731 tenebras
590 668 792 748 Aeoliamque
809 670 905 750 Lupi:

180 755 257 816 Nam
273 757 371 816 ternis
387 757 502 815 iterum
518 754 647 814 thermis
664 755 840 833 iterumque
856 753 986 818 lavatur.

225 840 333 900 Omnia
351 857 418 899 cnm
434 840 527 917 iecit,
550 838 606 898 aed
618 845 771 898 renuente
789 838 865 916 deo,

141 922 275 985 15Lotus
293 922 332 982 ad
349 924 489 1004 Europes
507 921 632 1003 tepidae
651 924 762 983 buxeta
780 922 933 1000 recurrit,

226 1006 260 1067 Si
279 1008 347 1086 quis
362 1008 407 1068 ibi
424 1026 528 1068 serum
540 1012 645 1086 carpat
663 1007 777 1066 amicus
794 1007 866 1069 lter.

182 1090 244 1151 Per
262 1095 295 1151 te
312 1109 432 1171 perque
451 1098 549 1169 tuam,
569 1096 676 1151 vector
693 1089 822 1168 lascive,
844 1087 996 1170 puellam,

224 1173 275 1235 Ad
296 1193 402 1236 cenam
420 1176 536 1236 Selium
554 1182 589 1235 tu
606 1193 700 1254 rogo,
721 1181 827 1254 taurc,
847 1193 931 1234 voca.

546 1353 548 1357 «
586 1307 655 1371 XV.

184 1420 273 1497 Quod
290 1419 367 1481 nulli
387 1419 511 1482 calicem
528 1425 614 1481 tuum
628 1420 792 1501 propinas,

182 1504 323 1564 Humane
340 1506 432 1583 facis,
453 1505 589 1583 Hormo,
610 1525 673 1565 non
691 1506 834 1585 superbe.

581 1639 662 1702 xvi.

184 1748 290 1810 Zoilus
309 1754 462 1828 aegrotat:
485 1749 603 1811 faciunt
620 1751 699 1811 hanc
718 1749 854 1830 stragula
871 1750 1001 1810 febrem.

227 1832 260 1892 Si
278 1833 376 1907 fucrit
387 1853 493 1913 sanus,
516 1835 640 1894 coccina
659 1835 732 1913 quid
748 1834 888 1894 facient?

185 1914 267 1993 Quid
281 1923 368 1977 torus
384 1939 400 1977 a
415 1916 502 1996 Nilo,
526 1916 600 1998 quid
615 1919 731 1979 Sidone
745 1920 860 1980 tinctus
875 1916 996 1978 olenti?

226 1999 373 2062 Ostendit
386 2000 494 2084 stultas
509 2002 583 2081 quid
597 2004 657 2063 nisi
671 2004 795 2063 morbus
810 2002 908 2084 opes‘.²
948 2063 951 2069 ,
1094 1999 1097 2002 ’

163 2083 272 2161 5Quid
287 2086 345 2146 tibi
361 2106 428 2147 cum
441 2085 593 2149 medicis?
602 2087 735 2149 dimitte·
749 2088 936 2150 Machaonas
951 2103 1066 2149 omncs.

226 2171 282 2230 Vis
292 2171 363 2231 fieri
377 2190 487 2252 sanus,
510 2171 646 2251 stragula
659 2189 744 2233 sume
758 2190 835 2234 mea.

574 2305 667 2367 xvh.

185 2412 334 2474 Tonstrix
350 2413 488 2475 Suburae
502 2415 641 2475 faucibus
657 2415 747 2475 sedet
760 2416 884 2494 primis,

185 2495 322 2557 Cruenta
335 2497 475 2578 pendent
490 2518 548 2577 qua
561 2496 684 2576 flagella
699 2504 852 2559 tortorum

184 2579 323 2659 Argique
338 2581 434 2641 letum
452 2580 567 2641 multus
585 2581 708 2642 obsidet
722 2588 817 2643 autor.

184 2662 248 2723 Sed
262 2665 321 2724 ista
335 2667 483 2746 tonstrix,
503 2666 679 2744 Ammiane,
701 2686 764 2726 non
777 2665 904 2748 tondet,

163 2745 254 2806 ‘Non
270 2747 397 2829 tondet,
418 2751 550 2829 inquam.
581 2750 663 2828 Quid
675 2751 771 2830 igitur
784 2751 882 2812 facit?
909 2750 1012 2814 Radit.

564 2884 670 2947 XVlll.

185 2995 282 3075 Capto
297 3003 396 3074 tuam,
416 2995 515 3076 pudet
528 2999 607 3075 heu,
629 2995 686 3058 scd
701 3004 807 3079 capto,
829 2998 980 3076 Maxime,
1002 3015 1120 3076 cenam,

226 3078 276 3139 Τιι
292 3085 395 3160 captas
413 3079 518 3140 aliam:
538 3082 599 3141 iam
617 3100 718 3142 snmus
733 3099 807 3161 crgo
824 3100 928 3162 pares.
1050 3127 1057 3138 .

182 3162 277 3224 Mane
292 3162 454 3224 salutatum
470 3166 578 3244 venio,
598 3172 634 3226 tn
650 3164 764 3226 diceris
778 3167 841 3225 isse
901 3195 910 3213 ·

224 3248 306 3308 Ante
325 3246 505 3309 salutatum:
527 3250 587 3310 iam
600 3269 702 3310 sumus
717 3268 791 3328 ergo
808 3266 908 3329 pares.

162 3329 259 3392 osum
275 3350 377 3393 comcs
392 3333 459 3414 ipse
474 3340 544 3394 tuus
557 3333 729 3412 tumidique
746 3330 940 3393 anteambulo
958 3332 1059 3410 regis,

226 3415 275 3476 Τιι
290 3435 393 3477 comes
408 3416 551 3478 alterius:
573 3418 633 3477 iam
651 3437 752 3477 snmus
768 3435 842 3496 ergo
858 3436 959 3498 pares.
