2370 3840
147 195 210 261 lae
468 192 512 255 Μ.
529 190 620 256 VAL.
637 188 864 252 Maenianis

617 391 724 456 inv.

231 508 291 585 Qui
305 514 414 567 tonsor
427 513 493 566 tota
505 507 610 567 fueras
625 505 802 566 notissimus
815 506 910 584 urbe,

270 591 312 653 Et
331 597 404 672 post
416 591 475 650 hoc
491 588 633 650 dominae
647 606 776 649 munere
790 589 890 649 factus
906 607 1019 669 eques,

230 675 367 737 Sicanias
382 675 475 735 urbes
489 675 690 752 Aetnaeaque
704 692 801 752 regns
813 673 938 753 petisti,

272 760 437 836 Ginuame,
455 777 523 819 eum
538 757 664 838 ingeres
679 758 780 817 tristia
794 758 862 816 iura
876 757 947 817 t'ori.

207 844 297 921 bQua
314 862 395 902 nune
410 848 476 902 arte
491 859 599 920 graves
613 838 762 901 tolerabis
773 838 893 900 inutilis
906 839 1024 902 annosi

273 925 354 1003 Quid
368 925 443 986 iacit
457 923 568 985 infelix
582 930 615 984 et
626 924 753 1001 fugitiva
768 923 877 1002 quiesi

231 1010 301 1071 Non
315 1010 441 1086 rhetor,
462 1028 525 1069 non
539 1008 752 1087 grammaticus
766 1005 872 1068 ludive
888 1007 1053 1088 magister,

271 1092 341 1153 Non
356 1092 506 1172 cynicus,
527 1111 590 1151 non
604 1099 638 1151 tu
653 1090 775 1151 Stoicus
790 1108 859 1151 esse
872 1097 979 1172 potes,

229 1176 379 1240 Vendere
393 1194 452 1236 nec
466 1194 572 1236 vocem
587 1172 700 1236 Siculis
714 1171 915 1255 plausumque
934 1175 1081 1236 theatriss

189 1272 224 1324 10
271 1259 362 1338 Quod
376 1265 535 1341 superest,
554 1260 686 1336 iterum,
708 1257 872 1338 cinnama,
894 1267 1002 1321 tonsor
1016 1259 1092 1324 eris.

618 1391 712 1455 LXV.

229 1505 282 1566 Lis
297 1509 331 1564 te
348 1503 396 1565 bis
412 1502 549 1564 dealmse
563 1512 775 1566 numerantem
790 1505 907 1584 frigora
921 1505 1048 1565 brumae

273 1586 418 1647 Conterit
434 1605 495 1645 nna
507 1588 625 1664 tribus,
647 1587 841 1667 Gargiliane,
863 1588 949 1650 loris.

229 1670 279 1731 Ah
292 1669 387 1729 miser
401 1676 434 1729 et
449 1668 591 1729 demens!
613 1671 721 1748 viginti
736 1668 839 1748 litigat
854 1672 941 1730 annis

272 1751 456 1830 Quisquam,
479 1752 528 1812 eui
542 1752 641 1830 vinci,
664 1751 858 1833 Gargiliane,
879 1751 978 1814 licet?

614 1899 722 1963 LXVI.

228 2011 389 2075 Heredem
401 2012 516 2074 Fabius
528 2012 698 2077 labienum
713 2032 833 2075 exesse
851 2012 993 2095 reliquit:

270 2095 346 2159 Plus
361 2097 511 2159 meruisse
526 2104 677 2161 tamense
692 2097 846 2161 Labienus
861 2099 913 2161 ait.

606 2232 726 2298 LXVII.

227 2343 377 2404 Paedicat
389 2363 504 2425 pueros
517 2345 615 2405 tribas
630 2343 789 2406 Philaenis
894 2388 903 2401 .

227 2427 270 2488 m
284 2429 437 2506 tentigine
452 2429 573 2488 saevior
586 2428 689 2487 mariti

228 2509 377 2571 Undenas
390 2517 477 2572 vorat
490 2512 523 2571 in
538 2509 588 2570 die
601 2508 730 2589 puellas.

227 2591 382 2672 Harpasto
397 2611 519 2673 quoque
533 2590 684 2670 subligata
695 2591 778 2652 ludit

207 2676 272 2740 bEt
283 2677 421 2737 iiavescit
433 2678 552 2757 haphe,
569 2693 739 2755 gravesque
754 2674 876 2737 draucis

229 2758 375 2819 Halteras
392 2759 477 2820 facili
494 2766 576 2820 rotat
590 2760 726 2838 lacerto,

228 2842 271 2904 Et
285 2844 371 2924 putri
384 2842 537 2905 lutulenta
552 2844 592 2905 de
604 2842 760 2926 palaestra

229 2927 324 2987 Uncti
338 2928 469 2988 verbere
483 2927 606 3009 vapulat
621 2928 775 3006 magistri:

227 3008 293 3071 Nee
308 3016 399 3070 cenat
412 3012 500 3091 prius
514 3017 566 3072 aut
581 3012 734 3073 recumbit
747 3011 835 3092 ante,

186 3094 323 3171 lanam
335 3099 455 3174 septem
469 3097 584 3156 vomuit
597 3115 699 3158 meros
717 3094 872 3171 deuneesg

227 3176 278 3238 Ad
292 3197 367 3258 quos
382 3177 429 3238 las
446 3178 505 3238 sibi
519 3184 593 3239 tunc
607 3186 695 3262 putat
709 3181 842 3259 reverti,

228 3263 306 3322 cum
320 3261 453 3342 coliphia
466 3260 601 3322 sedecim
616 3263 759 3326 comedit.

226 3346 304 3407 Post
317 3347 395 3408 haec
410 3346 510 3406 omnia
525 3365 594 3406 cnm
606 3344 803 3425 lihidInutur,

102 3470 162 3626 ἱ
226 3429 295 3490 Νοιι
309 3429 401 3492 iellat
412 3464 456 3478 —
468 3435 557 3512 putat
571 3431 630 3489 hoe
643 3449 751 3511 parum
764 3426 856 3492 virile
874 3460 931 3514 ‘t
