2370 3840
429 180 474 239 M.
490 178 582 242 VAL.
597 176 823 238 MARTlALlS

168 333 308 398 b'l'utior
320 332 353 391 in
369 327 435 390 sola
449 348 511 388 non
526 335 574 390 est
588 349 656 389 cum
672 332 769 389 currit
782 329 917 406 harena,

233 417 299 479 Nec
315 432 406 475 cavea
419 418 505 473 tanta
521 412 665 474 conditur
678 411 736 472 ille
750 412 823 473 fide.

191 502 227 563 si
239 503 339 562 vitare
358 517 465 558 canum
480 517 617 575 morsus,
639 495 730 576 lepus
742 497 900 577 improbe,
924 497 1050 574 quaeris

234 585 285 647 Ad
300 601 378 663 quae
393 581 551 660 confugias
567 601 621 641 ora
634 576 738 640 'leonis
751 582 857 641 habes.

576 715 681 776 XLIX.

194 834 252 894 Vir
268 831 437 894 Celtiberis
453 851 516 891 non
530 828 662 891 tacende
677 830 819 908 gentibus

236 917 430 997 Nostraeque
443 914 509 975 laus
523 915 709 994 Hispaniae,

195 1000 326 1062 Videbis
341 999 452 1077 altam,
475 999 652 1076 Liciniano,
674 996 818 1075 Bilbilin,

237 1086 334 1166 Equis
353 1091 386 1145 et
403 1085 494 1144 armis
509 1081 663 1161 nobilem,

173 1169 373 1249 5Senemque
388 1168 496 1230 Gaium
512 1168 647 1245 nivibus,
667 1166 805 1227 effractis
820 1182 939 1225 sacrum

239 1253 473 1316 Vadaveronem
485 1253 658 1330 montibus,

195 1338 238 1400 Et
254 1336 382 1400 delicati
398 1337 488 1398 dulce
504 1334 634 1398 Boterdi
648 1354 771 1414 nemus,

240 1423 376 1483 Pomona
392 1421 472 1501 quod
488 1421 565 1482 felix
577 1426 666 1484 amat.

199 1504 315 1586 Tepidi
329 1508 447 1566 natabis
461 1505 535 1566 lene
551 1505 690 1585 Congedi
706 1504 814 1565 vadum

156 1600 191 1652 10
238 1588 415 1669 Mollesque
430 1590 638 1671 Nympharum
652 1588 754 1667 lacus,

199 1674 315 1751 Quibus
330 1674 491 1736 remissum
506 1693 617 1754 corpus
633 1676 785 1752 astringas
801 1671 889 1733 brevi

240 1756 372 1836 salone,
395 1759 447 1836 qui
461 1758 579 1818 ferrum
593 1755 686 1836 gelat.

198 1842 373 1903 Praestabit
386 1840 453 1902 illic
467 1843 534 1922 ipsa
548 1840 686 1922 figendas
699 1860 798 1923 prope

241 1927 384 1988 Voberca
397 1925 564 2008 prandenti
579 1927 672 1990 feras.

157 2020 190 2072 15
199 2011 311 2071 Aestus
326 2029 454 2071 serenos
472 2030 565 2072 aureo
581 2011 706 2090 franges
723 2010 809 2090 Tago

242 2095 398 2156 Obscurus
413 2092 529 2157 umbris
544 2098 706 2172 arborum3

198 2179 326 2241 Avidam
341 2199 453 2241 recens
468 2180 632 2241 Derceuna
647 2180 783 2262 placabit
797 2182 880 2241 sitim

240 2265 282 2325 Et
296 2263 416 2342 Nutha,
439 2283 517 2343 quae
530 2266 626 2326 vincit
639 2268 734 2326 nives.

199 2349 240 2408 At
256 2366 324 2407 cum
338 2348 511 2408 December
526 2367 618 2407 canus
632 2354 664 2407 et
678 2350 785 2408 bruma
798 2349 952 2425 impotens

156 2438 192 2490 20
241 2426 395 2508 Aquilone
409 2449 502 2490 rauco
516 2431 647 2509 mugiet,

199 2514 314 2594 Aprica
325 2519 452 2594 repetes
467 2513 653 2573 Tarraconis
667 2512 760 2573 litora

238 2597 402 2676 ''suamque
417 2594 614 2659 Laletaniam.

199 2680 245 2741 lbi
258 2678 392 2760 illigatas
406 2678 552 2741 mollibus
567 2681 700 2741 dammas
714 2679 813 2763 plagis

241 2765 394 2825 Mactabis
409 2772 442 2826 et
455 2783 566 2825 vernas
581 2785 672 2845 apros

156 2856 190 2909 25
197 2849 413 2930 Leporemque
428 2849 504 2910 forti
520 2849 665 2910 callidum
681 2868 806 2931 rumpes
824 2867 922 2929 equo,

242 2934 358 2993 Cervos
373 2932 534 3012 relinques
548 2933 649 2996 vilico.

198 3016 310 3079 Vicina
323 3018 355 3076 in
369 3017 470 3098 ipsum
485 3016 561 3076 silva
574 3017 745 3079 descendet
760 3018 863 3079 focum

242 3101 362 3161 Infante
378 3103 511 3161 cinctum
526 3100 670 3178 sordid03

199 3184 369 3247 Vocabitur
382 3190 510 3245 venator
526 3190 558 3245 et
573 3188 678 3246 veniet
692 3188 749 3247 tibi

156 3277 194 3332 30
244 3269 378 3328 Conviva
392 3267 536 3329 clamatus
549 3289 665 3350 prope3

199 3353 318 3413 Lunata
332 3371 481 3431 nusquam
494 3352 589 3433 pellis
605 3360 637 3415 et
652 3373 800 3434 nusquam
815 3359 888 3434 toga

244 3434 415 3517 Olidaeque
429 3442 532 3497 vestes
547 3439 683 3514 murice;
