2370 3840
23 115 44 180 8
101 115 146 176 Μ.
160 112 254 176 vni..
272 109 498 174 MARTIALIS
513 109 852 173 EPIGRAMMATON
865 112 994 175 LIBER.

107 264 243 325 Fucinus
260 269 293 323 et
306 262 389 342 pigri
405 266 567 321 taceantur
582 267 688 340 stagna
702 260 850 324 Neronia:

145 347 240 408 ¹Hanc
252 347 360 407 norint
374 364 464 406 unam
479 343 602 405 caecula
615 347 833 409 naumachiam.

430 499 433 505 ·
488 479 597 540 XXIX.

109 596 185 657 cum
201 595 345 656 traheret
358 593 500 671 Priscus,
521 595 663 654 traheret
677 594 844 655 certamina
858 594 960 658 Verus

84 720 88 728 ·
149 668 243 741 Esset
258 684 291 738 et
306 678 442 756 aequalis
458 677 544 739 Mara
557 679 719 758 utriunque
732 677 800 756 diu,

107 764 217 826 Minnio
233 781 326 843 naepc
340 762 415 822 viris
430 765 538 843 magno
554 760 689 822 clamore
707 763 805 873 petita
821 769 885 838 eat3

151 847 215 909 Sed
230 847 345 909 Gacaar
358 844 424 925 legi
438 847 565 926 paruit
555 865 624 927 1pae
638 865 725 908 auae:
740 879 782 890 -

86 933 174 995 5Lex
188 938 272 1008 erat,
293 929 331 992 ad
347 929 476 1009 digitum
490 931 592 1011 punita
611 948 799 991 concurrere
814 949 983 1010 parma.—-

149 1014 239 1094 Quod
255 1013 362 1092 licuit,
382 1014 488 1076 lancea
503 1014 645 1094 donaque
658 1032 752 1094 saepe
767 1011 864 1077 dedit.

106 1101 251 1162 inventur
265 1057 368 1159 turned
385 1104 434 1159 ert
446 1099 517 1159 tinia
533 1096 720 1159 discriminis
735 1099 841 1177 aequi:

149 1183 330 1263 Pugnavere
345 1200 453 1263 parea,
475 1184 665 1244 auccubuere
679 1200 780 1262 parea.

107 1267 197 1329 Misit
213 1269 337 1347 utrique
353 1264 447 1327 rudes
462 1272 495 1326 et
508 1265 624 1346 paimaa
641 1266 756 1327 caesar
769 1266 909 1342 utrique.

68 1362 101 1415 10
149 1352 218 1414 Hoc
223 1353 367 1434 pretium
379 1351 477 1411 virtus
491 1352 651 1430 ingeniosa
665 1348 747 1410 tulit.

110 1435 250 1514 contigit
261 1436 322 1495 hoc
336 1430 422 1495 nullo
437 1435 497 1495 nini
513 1440 546 1495 te
563 1437 619 1495 sub
634 1434 794 1514 principe,
816 1430 947 1493 Caesar·

150 1519 227 1580 cum
244 1518 303 1579 duc
317 1524 508 1600 pugnarent,
528 1520 627 1579 victur
641 1523 774 1597 uterque
788 1517 858 1577 fuit.

499 1633 595 1695 XXX.

109 1732 239 1794 Concita
257 1729 382 1794 veloces
396 1731 521 1811 fugeret
536 1750 603 1790 curn
618 1728 735 1790 damma
748 1726 904 1790 Molosson

149 1817 192 1877 lit
204 1817 288 1877 varia
304 1813 406 1875 lentaa
422 1819 566 1875 necteret
583 1819 651 1875 arte
667 1833 784 1893 moran,

109 1900 251 1963 Caesaris
269 1905 340 1958 ante
355 1895 453 1978 peden
467 1895 597 1979 supplex
610 1895 781 1978 almiliuque
796 1897 918 1976 roganti

151 1982 315 2061 Gcnrtitit,
337 1986 370 2041 et
382 1980 529 2107 praedam
543 2001 606 2042 non
619 1983 754 2062 tetigere
770 1999 871 2044 canen.

151 2153 238 2213 Haec
251 2146 417 2212 intellecta
435 2103 577 2233 principe
593 2151 673 2211 dona
687 2149 767 2212 tulit.

109 2237 229 2297 Numen
246 2236 343 2296 habet
361 2234 490 2296 Caesar.
512 2254 599 2295 nacra
615 2242 664 2294 ert
676 2234 771 2311 haec,
793 2250 881 2292 sacra
894 2236 1048 2311 potentur,

152 2317 297 2380 Credite:
320 2318 447 2378 mentiri
461 2336 523 2376 non
538 2314 678 2376 didicere
696 2316 792 2376 ferae.

493 2425 602 2487 XXXI.

110 2524 234 2604 (tedere
250 2521 359 2584 maiori
373 2523 496 2584 virtutis
512 2523 592 2583 fama
607 2521 741 2582 secunda
756 2526 812 2584 ert.

149 2606 208 2669 Illa
225 2608 326 2687 gravis
340 2603 443 2687 palma
457 2613 523 2685 ert,
546 2625 635 2684 quam
649 2606 750 2666 minor
763 2605 863 2667 houtia
876 2607 980 2669 habet.

482 2733 604 2796 XXXII.

108 2846 289 2909 Ducenium
305 2847 433 2909 nubitis:
455 2865 518 2906 non
533 2842 728 2925 diaplicuiaae
742 2850 881 2907 meretur

151 2931 311 3012 Festinat,
334 2931 466 3016 Querar,
491 2931 543 3009 qui
558 2927 711 3010 placuisse
725 2930 792 2991 tibi.

479 3062 613 3126 XXXIII.

107 3175 215 3239 Flavia
233 3195 326 3258 gena,
349 3182 494 3257 quantum
507 3178 566 3238 tibi
580 3177 692 3238 tertius
706 3173 833 3238 abstulit
845 3173 955 3236 hereri

151 3261 255 3324 Paene
270 3262 439 3340 imitanti,
461 3281 523 3322 non
537 3261 681 3322 habuisse
697 3259 783 3322 duan.
