2370 3840
435 200 479 262 M.
494 199 585 264 VAL.
603 199 827 260 MARTIALIS

195 516 271 577 (ium
287 516 329 576 sis
343 533 401 574 nec
415 514 514 593 rigide
527 514 693 575 Fabiorum
707 521 800 592 gente
815 522 952 592 creatus,

193 599 259 659 Nec
274 597 394 678 qualem
412 598 522 672 (iunio,
545 597 616 658 dum
630 597 759 678 prandia
772 604 876 679 portat
890 601 1004 674 aranti,

193 683 321 743 Hirsuta
333 683 458 763 peperit
474 681 625 762 deprensa
639 682 694 743 sub
710 680 783 742 ilice
800 684 946 742 coniunx:

194 765 257 827 Sed
272 767 368 847 patris
383 764 422 825 ad
436 764 595 845 speculum
609 765 692 825 tonsi
706 767 872 844 matrisque
888 754 1009 845 togistae

171 849 291 912 ollilius
307 858 339 910 et
353 850 452 928 possit
466 868 608 930 sponsam
622 857 654 908 te
668 869 779 929 sponsa
793 869 917 909 vocare:

191 932 367 994 Emendare
381 951 483 1009 meos,
506 951 582 1011 quos
595 934 681 993 novit
694 934 789 1012 fama,
809 930 936 995 libellos

191 1019 233 1077 lit
247 1017 305 1078 tibi
323 1016 478 1096 permittis
492 1014 604 1076 felices
620 1035 749 1096 carpere
762 1036 874 1095 nugas:

191 1101 272 1179 Has,
293 1102 432 1178 inquom,
453 1118 566 1178 nugas,
589 1101 697 1177 quibus
713 1119 817 1160 aurem
833 1099 996 1160 advertere
1011 1106 1106 1161 totam

191 1184 261 1244 Non
277 1189 480 1264 aspernantur
493 1202 641 1263 proceres
656 1185 803 1263 urbisque
818 1183 956 1263 forique,

151 1278 185 1332 10
193 1269 274 1344 Quas
289 1273 323 1328 et
335 1269 480 1347 perpetui
496 1266 660 1345 dignantur
674 1269 787 1327 scrinia
804 1265 862 1327 Sili
1006 1264 1016 1283 ⁶

190 1353 362 1432 strepeto
375 1353 490 1411 totiens
504 1350 636 1411 facundo
650 1349 786 1430 Regulus
802 1370 872 1429 ore,

192 1436 314 1514 Quique
326 1433 413 1495 videt
425 1437 552 1515 propius
565 1437 666 1513 magni
681 1436 848 1496 certamina
862 1434 947 1495 Circi

191 1518 310 1579 Laudat
324 1519 494 1578 Aventinae
505 1520 621 1579 vicinus
641 1519 718 1578 Sura
732 1520 855 1579 Dianae.

190 1602 260 1681 lpse
276 1602 368 1661 etiam
383 1605 468 1660 tanto
483 1599 623 1660 dominus
638 1603 693 1662 snb
707 1600 847 1681 pondere
862 1619 967 1662 rerum

150 1686 258 1750 leon
273 1683 457 1759 dedignatur
472 1685 520 1743 bis
533 1690 646 1761 terque
660 1683 820 1743 revolvere
836 1685 958 1744 Caesar.

192 1767 255 1829 Sed
270 1769 328 1828 tibi
341 1767 410 1847 plus
423 1768 552 1843 mentis,
574 1767 631 1825 tibi
646 1786 699 1825 cor
710 1764 838 1826 limante
852 1767 993 1826 Minerva

191 1853 302 1912 Acrius
317 1860 350 1911 et
364 1856 474 1910 tenues
488 1851 643 1909 tinxerunt
656 1856 765 1930 pectus
779 1850 930 1911 Athenae.

191 1936 237 1996 Ne
252 1932 385 2013 valeam,
405 1935 431 1994 si
444 1953 507 1993 non
522 1932 618 1993 multo
633 1934 714 2014 sapit
730 1930 821 1993 altius
837 1932 931 2012 illud,

192 2019 282 2096 Quod
298 2038 365 2079 cum
379 2019 552 2099 panticibus
564 2017 641 2078 laxis
657 2025 689 2077 et
706 2037 773 2077 cum
790 2017 872 2098 pede
887 2017 993 2097 grandi

149 2104 233 2168 mut
246 2106 341 2164 rubro
355 2100 502 2183 pulmone
515 2107 603 2162 vetus
618 2104 762 2181 nasisque
778 2101 947 2162 timendum

192 2188 302 2248 Omnia
316 2185 452 2248 crudelis
464 2186 564 2246 lanius
579 2205 637 2266 per
652 2188 784 2266 compita
799 2191 912 2266 portat.

192 2272 297 2333 Audes
316 2278 498 2351 praeterea,
524 2289 599 2349 quos
614 2269 715 2329 nulius
731 2271 869 2348 noverit,
891 2271 924 2328 in
938 2290 987 2330 me

192 2356 337 2417 Scribere
351 2352 521 2415 versiculos
535 2355 663 2413 miseras
678 2354 712 2412 et'
723 2351 858 2433 perdere
874 2352 1003 2417 chartas.

190 2441 233 2499 At
247 2441 274 2498 si
288 2437 362 2517 quid
376 2443 501 2498 nostrae
515 2437 574 2497 tibi
586 2434 659 2496 bilis
674 2436 822 2496 inusserit
840 2434 950 2514 ardor,

149 2523 282 2592 25Vivet
296 2527 328 2581 et
341 2522 485 2581 haerebit
496 2525 622 2596 totaque
636 2517 759 2596 legetur
772 2520 804 2578 in
820 2520 913 2596 urbe,

191 2606 339 2683 Stigmata
351 2624 410 2664 nec
426 2603 511 2664 vafra
525 2600 644 2662 delebit
659 2602 823 2661 Cinnamus
838 2606 915 2664 arte.

193 2688 256 2750 Sed
270 2690 420 2749 miserere
435 2688 496 2764 tui,
516 2683 625 2745 rabido
640 2703 698 2744 nec
713 2684 852 2764 perditus
868 2703 922 2744 ore

190 2773 372 2835 Fumantem
386 2790 492 2831 nasum
505 2770 565 2830 vivi
578 2771 778 2848 temptaveris
792 2769 866 2829 ursi.

191 2858 239 2917 Sit
252 2854 390 2936 placidus
404 2852 481 2915 licet
495 2859 528 2914 et
541 2851 657 2913 lambat
671 2851 846 2933 digitosque
860 2872 1047 2933 manusque,¹

148 2941 223 3006 eost
238 2938 327 3000 dolor
343 2944 377 2999 et
390 2937 480 3016 bilis,
500 2937 527 2997 si
545 2941 624 2997 iusta
639 2937 778 3016 coegerit
789 2939 852 3018 ira,

190 3025 288 3087 Ursus
303 3023 380 3082 erit:
401 3040 494 3083 vacua
509 3019 619 3081 dentes
633 3021 666 3080 in
679 3019 765 3102 pelle
778 3023 890 3102 fatiges

190 3109 231 3169 lut
246 3108 370 3170 tacitam
386 3124 530 3186 quaeras,
551 3125 640 3185 quam
653 3107 754 3187 possis
767 3106 897 3184 rodere,
919 3122 1051 3166 carnem.

575 3239 667 3302 LXV.

191 3359 408 3440 „Hexametris
422 3358 608 3438 epigramma
622 3356 720 3416 facis“
738 3357 801 3416 scio
818 3354 923 3415 dicere
941 3353 1083 3414 Tuccam.

233 3444 354 3523 Tucca,
376 3440 458 3505 solet
470 3443 557 3519 fleri,
579 3440 731 3520 denique,
752 3439 871 3519 Tucca,
893 3438 978 3503 licet.
