2370 3840
376 173 846 242 uProRAMMATONLffl.1.-
1087 178 1130 243 25

560 376 651 439 LVll.

171 488 319 570 Qualem,
339 492 469 572 Flacee,
489 492 583 554 velim
598 494 722 573 quaeris
737 492 870 554 nolimve
885 493 1045 574 puellam?

210 574 291 636 Nolo
308 577 399 636 nimis
414 575 539 638 facilem
554 576 776 657 difficilemque
793 578 892 639 nimis.

169 657 248 720 illud
264 658 346 738 quod
358 660 492 721 medium
507 667 556 721 est
569 667 661 739 atque
672 663 756 721 inter
768 668 931 741 utrumque
946 665 1127 742 probamus·

209 744 276 804 Neo
288 743 358 803 volo
376 743 460 823 qnod
474 745 606 822 cruciat,
627 764 686 805 neo
700 742 770 805 volo
784 745 866 825 quod
881 747 979 808 satiat.

555 878 659 941 LVlll.

168 988 259 1051 Milia
272 1009 330 1070 pro
345 1009 443 1071 puero
459 998 582 1052 eentum
596 1011 646 1053 me
661 1012 770 1071 mango
785 993 942 1073 poposcit:

209 1073 277 1134 Risi
292 1093 367 1153 ego,
390 1074 446 1135 sed
460 1076 606 1137 Phoebus
620 1077 762 1158 protinus
776 1075 832 1136 illa
847 1075 942 1137 dedit.

167 1157 236 1217 Hoc
252 1156 339 1219 ‹lolet
353 1166 386 1219 et
400 1161 541 1238 queritur
556 1160 595 1220 de
610 1179 659 1221 me
676 1179 743 1221 mea
757 1159 894 1221 mentula
908 1179 1013 1222 seeum

209 1241 427 1321 Laudaturque
442 1263 540 1305 meam
553 1246 698 1305 Phoebus
713 1247 745 1304 in
759 1243 913 1305 invidiam.

142 1324 233 1390 aSed
247 1325 458 1388 sestertiolum
474 1327 599 1388 donavit
614 1327 752 1388 mentula
767 1328 892 1387 Phoebo

209 1410 262 1469 Bis
277 1409 418 1472 deciens:
442 1413 502 1472 hoc
518 1411 556 1472 da
570 1418 604 1472 tu
623 1412 716 1489 mihi,
736 1410 837 1493 pluris
853 1429 959 1472 emam.

569 1546 646 1608 LIX.

166 1659 227 1718 liat
244 1660 359 1720 Baiana
374 1661 449 1720 mihi
465 1660 652 1739 quadrantes
668 1657 809 1741 sportula
824 1666 956 1722 eentum.

209 1743 294 1804 Inter
312 1742 439 1804 delicias
457 1744 532 1822 quid
544 1746 621 1806 facit
635 1746 695 1805 iata
708 1743 827 1804 fames?
923 1774 929 1783 ·

172 1823 276 1887 ledae
292 1827 372 1908 Lupi
386 1829 475 1888 nohis
490 1831 719 1908 tenebrosaque
734 1827 846 1889 balnea
861 1825 977 1906 Grylli:

209 1910 287 1971 'lam
301 1910 382 1972 male
398 1932 465 1973 curn
481 1932 602 1995 cenem,
628 1933 683 1974 our
697 1915 794 1991 bene,
815 1910 943 1990 Elaeae,
961 1911 1070 1974 laver?

568 2063 632 2124 Lx.

174 2171 267 2235 Intres
282 2172 381 2254 ampla
394 2172 472 2235 lieet
485 2175 566 2234 torvi
580 2173 672 2256 lepus
688 2194 743 2234 ora
755 2173 875 2252 leonis,

211 2259 286 2319 Esse
300 2264 404 2319 tamen
418 2278 513 2319 vacuo
528 2277 563 2318 se
577 2257 630 2319 leo
646 2257 740 2319 dente
755 2262 851 2339 putat.

175 2339 258 2416 Quod
270 2347 342 2403 ruet
356 2343 389 2402 in
403 2348 527 2422 tergum
541 2340 592 2403 vel
608 2363 684 2422 quos
699 2343 883 2424 procumbet
896 2342 928 2401 in
946 2361 1064 2421 armos,

161 2496 166 2506 ·
215 2424 281 2486 Alta
295 2427 494 2488 iuvencorum
510 2426 638 2488 vulnera
651 2428 728 2507 figet
742 2427 820 2487 ubil

150 2507 250 2584 5Quil
264 2511 382 2570 frustra
394 2529 554 2572 nemorum
569 2511 724 2572 dominnm
739 2529 907 2593 regemque
920 2510 1053 2590 fatigas?

214 2590 277 2654 Nm
290 2595 350 2654 nisi
366 2593 488 2656 delecta
502 2597 639 2677 pasoitur
653 2595 708 2656 ille
722 2596 800 2660 fera.

561 2729 638 2790 Llll.

89 2760 139 2896 ΚΧ
169 2839 291 2903 Verona
306 2842 390 2902 docti
405 2841 538 2921 syllabas
554 2851 633 2904 amat
647 2845 741 2922 vatis,

106 2938 110 2948 ‘
212 2923 339 2988 Marone
352 2924 430 2987 felix
443 2928 571 2987 Mantua
586 2935 649 3006 est,

169 3008 321 3071 Censetur
334 3009 443 3090 Apona
458 3011 544 3071 Livio
559 3031 613 3072 suo
631 3011 724 3075 tellus

213 3090 368 3173 Stellaque
383 3111 442 3153 neo
455 3093 568 3155 Flaeeo
584 3098 700 3176 minna,

147 3175 356 3256 5Apolloioro
374 3174 492 3258 plaudit
506 3179 648 3241 imbrifer
667 3179 770 3258 Nilus,

130 3285 134 3291 ·
211 3258 328 3322 Nasone
342 3260 465 3340 Peligni
479 3270 605 3342 sonant,
809 3266 812 3271 ’

169 3341 310 3423 Duosque
326 3345 461 3405 Senecas
476 3348 660 3427 unicumque
675 3347 831 3408 Lucanum

209 3427 351 3489 Facunda
364 3429 502 3511 loquitur
517 3429 681 3508 Corduba,
