2370 3840
127 181 169 246 46
455 174 866 279 numunianum.

211 336 335 396 Mecum
350 335 413 394 eris
429 350 504 410 ergo
519 332 628 392 miser:
651 328 734 409 quod
748 330 775 389 si
789 327 865 388 deus
880 345 935 388 ore
949 346 1063 392 sereno

253 418 424 495 Annuerit,
445 414 537 492 felix,
560 413 715 492 Candide,
738 412 821 474 solus
836 413 910 476 eris.

561 618 567 632 ,
596 547 692 610 xxv.

212 664 273 725 llas
290 683 460 743 nunquam,
481 680 605 742 semper
615 660 789 741 promittis,
812 657 919 737 Galla,
942 660 1074 738 roganti.

254 747 287 807 Si
302 753 425 828 semper
438 745 538 826 fallis,
559 747 618 805 iam
638 762 731 823 rogo,
753 739 971 823 Galla,·nega.

587 874 698 941 XXVI.

211 992 300 1072 Quod
319 990 480 1072 querulum
498 992 612 1070 spirat,
636 986 718 1067 quod
736 990 880 1048 acerbum
894 988 1008 1050 Naevia
1023 989 1130 1067 tussit,

251 1078 347 1157 Inque
363 1083 433 1137 tuos
447 1076 543 1134 mittit
557 1078 646 1153 sputa
661 1070 791 1132 subinde
808 1073 908 1150 ainus,

209 1162 271 1222 lam
285 1168 317 1222 te
332 1179 400 1221 rem
413 1159 541 1238 iactam,
563 1157 744 1235 Bithynice,
766 1155 868 1216 eredis
885 1156 1025 1219 habere?

250 1246 361 1307 Erras:
382 1241 541 1305 blanditur
554 1241 682 1319 Naeuia,
703 1258 766 1299 non
779 1241 919 1303 moritur.

588 1375 710 1437 XXVII.

209 1490 400 1552 Laudantem
415 1490 531 1552 Selium
546 1509 641 1551 cenae
656 1510 723 1550 cum
740 1491 824 1550 reti-a·
838 1487 940 1550 tendit

251 1575 384 1655 Accipe,
407 1576 471 1652 siue
485 1572 588 1653 legas,
608 1576 672 1634 sive
686 1579 833 1654 patronus
851 1592 937 1652 agas:
1019 1647 1022 1653 .

209 1659 368 1738 „affectet
388 1657 538 1737 graviter!
560 1658 603 1718 st!
624 1657 786 1736 nequiter!
807 1657 901 1737 euge!
925 1655 1033 1716 beate!

250 1743 319 1802 Hoc
334 1741 452 1802 uolui!“
479 1741 575 1801 Facta
592 1747 641 1801 est
654 1743 713 1800 iam
728 1741 785 1801 tibi
801 1759 893 1819 cena,
912 1747 991 1802 tace.

574 1874 711 1937 XXVlll.

209 1986 321 2048 Rideto
340 1985 469 2048 multum
485 1989 537 2067 qui
553 1994 602 2066 te,
624 1985 772 2065 Sextille,
796 1985 957 2047 cinaedum

250 2072 372 2132 Dixerit
387 2078 420 2132 et
432 2071 561 2151 digitum
576 2072 728 2154 porrigito
744 2070 888 2133 medium.

209 2155 273 2217 Sed
287 2176 346 2217 uec
359 2157 489 2237 paedico
505 2175 539 2217 es
557 2175 615 2217 nec
629 2162 680 2235 tu,
700 2153 849 2233 Sextille‚
871 2155 1010 2235 fututor,

206 2248 209 2252 ’
251 2239 348 2301 (lalda
363 2240 546 2303 Vetustinae
562 2259 621 2301 nec
635 2241 693 2300 tibi
707 2241 803 2299 bucca
818 2237 931 2318 placet.

188 2325 256 2386 5Ex
270 2326 339 2384 istis
353 2324 432 2384 nihil
447 2343 481 2383 es
495 2325 614 2400 fateor,
636 2321 785 2382 Sextille:
809 2320 884 2399 quid
897 2339 971 2401 ergo
989 2323 1044 2382 es?

250 2407 380 2484 Nescio,
401 2406 457 2467 sed
472 2408 580 2467 tuscis
597 2425 649 2465 res
663 2423 827 2486 superesse
843 2402 926 2466 duas.

589 2551 697 2614 XXIX.

208 2667 305 2745 Rufe,
328 2666 414 2728 vides
429 2667 518 2729 illum
532 2668 681 2731 subsellia
693 2671 792 2751 prima
806 2675 978 2749 terentem,

251 2751 346 2812 (laius
362 2758 395 2812 et
409 2754 482 2814 hine
496 2752 583 2815 lucet
597 2752 822 2834 sardonychata
836 2773 942 2815 manus

148 2841 152 2850 '
210 2836 358 2915 Quaeque
374 2836 482 2916 Tyron
497 2840 612 2898 totiens
629 2846 795 2919 epotavere
809 2836 955 2899 lacernae

249 2919 292 2980 Et
306 2927 377 2998 toga
390 2940 452 2980 non
467 2927 563 2982 tactas
578 2924 703 2984 uincere
718 2923 800 2983 iussa
813 2922 917 2999 niues,
952 2925 954 2930 ’

187 3002 306 3064 50uius
323 3001 389 3064 olet
404 3010 470 3064 toto
485 3005 607 3085 pinguis
623 3026 709 3067 coma
723 3003 929 3069 Marcelliano

249 3088 291 3148 Et
305 3085 473 3167 splendent
486 3088 572 3148 volso
586 3091 713 3151 brachia
727 3091 801 3151 trita
815 3087 898 3169 pilo;

208 3171 277 3233 Non
291 3171 440 3232 hesterna
453 3171 544 3233 sedet
557 3172 662 3234 lunata
674 3173 791 3253 lingula
804 3171 926 3254 planta,

252 3255 386 3316 Coccina
400 3275 462 3316 non
476 3254 592 3318 laesum
605 3258 706 3337 pingit
720 3256 802 3317 aluta
816 3255 944 3337 pedem,

208 3339 251 3401 Et
264 3359 427 3401 numerosa
441 3339 544 3402 linunt
558 3339 736 3402 stellantem
751 3338 872 3421 splenia
885 3340 1029 3399 frontem.

102 3426 201 3630 ,ιο
237 3424 375 3505 lgnoras
391 3424 466 3507 quid
480 3425 543 3487 sit‘l
562 3425 681 3509 splenia
696 3424 789 3504 tolle,
808 3424 906 3506 leges.
