2370 3840
361 177 704 243 EPIGRAMMATON
717 177 791 239 LIB.
807 175 829 238 I.
1076 169 1118 240 27

156 339 280 400 Mutare
294 335 450 397 dominum
464 353 527 393 nou
540 337 646 413 potest
661 331 745 393 liber
758 337 859 394 notus.

114 434 151 488 10
158 421 221 483 Sed
236 422 391 502 pumicata
404 419 510 479 fronte
525 419 551 477 si
567 418 635 496 quis
650 423 700 477 est
714 414 850 475 nondum

103 576 107 582 ,
156 507 222 569 Nec
235 501 392 566 umbilicis
410 502 510 563 cultus
525 506 617 579 atque
636 501 828 578 membrana,

156 591 321 653 Mercare:
343 587 423 648 tales
437 587 556 660 habeo;
575 603 634 644 nec
649 584 728 644 sciet
743 584 912 662 quicquam.

156 674 270 736 Aliena
286 673 424 752 quisquis
442 669 554 730 recitat
572 664 604 727 et
618 669 700 747 petit
713 667 840 743 famam,

155 758 226 820 Non
240 775 347 819 emere
361 754 490 830 librum,
512 751 569 812 scd
583 750 741 812 silentium
756 749 859 813 debet.

538 885 659 948 LXVII.

100 951 124 1028 s
157 1003 255 1063 Liber
271 1002 363 1062 bomo
381 1019 416 1060 ea
431 998 574 1074 nlmium,
598 997 677 1057 dicis
694 998 786 1075 mihi,
808 996 942 1076 Cerylo,
965 1015 1097 1080 semper.

199 1087 283 1146 Inte
300 1085 353 1166 qui
368 1083 461 1161 dicit,
482 1081 615 1161 Cerylo,
633 1079 717 1142 liber
729 1082 820 1142 homo
836 1088 893 1142 est.

529 1214 663 1279 LXVIII.

160 1331 320 1412 Quidquid
334 1331 397 1410 agit
411 1330 527 1408 Rufus,
548 1327 628 1388 nihil
645 1334 693 1389 est
707 1329 769 1388 nisi
783 1327 898 1388 Naevia
910 1326 1000 1386 Rufo.

203 1417 236 1477 Si
252 1414 382 1496 gaudet,
405 1415 431 1474 si
446 1414 519 1491 flet,
542 1414 569 1472 ci
582 1418 682 1490 tacet,
704 1412 783 1472 banc
796 1411 944 1492 quuitur.

160 1503 276 1579 Cenat,
298 1499 461 1581 propinat,
482 1498 599 1578 poscit,
621 1501 731 1575 negat,
753 1497 869 1556 iuuuit:
894 1515 954 1555 una
970 1502 1018 1555 est

203 1584 459 1658 Naevia31inon
474 1583 515 1642 sit
529 1581 659 1659 Naevia,
680 1587 781 1641 mutus
795 1582 865 1643 erit.

137 1668 340 1750 bScripsorat
353 1668 501 1727 hesterna
514 1665 597 1745 patri
612 1685 680 1726 cum
692 1663 764 1726 Ince
781 1663 925 1725 salutem:

205 1753 342 1832 „Naevia
355 1750 431 1811 qu“
446 1751 547 1830 iuquit
561 1749 697 1828 „Naevia
709 1748 830 1827 lumen,
854 1748 943 1810 ave.“

160 1838 249 1898 Ilaec
263 1834 344 1915 legit
358 1840 390 1896 et
405 1834 489 1895 ridet
505 1833 638 1894 demisso
652 1833 766 1894 Naevia
781 1833 876 1895 voltu.

204 1921 321 1981 Naevia
336 1939 398 1979 non
413 1938 473 1979 uua
487 1923 551 1978 est:
575 1916 665 1997 quid,
687 1919 734 1978 vir
748 1919 874 1998 inepte,
896 1917 995 1980 iuria?

546 2054 651 2115 LXIX.

89 2140 140 2232 Is
164 2167 294 2247 Coepit,
315 2164 467 2242 Maxime,
488 2165 571 2224 Pana
586 2167 639 2246 qui
654 2163 790 2242 solebat,

163 2250 253 2310 Nunc
268 2246 437 2309 ostendere
453 2248 581 2309 Canium
597 2249 761 2312 Tarentos.

551 2397 645 2459 LXX.

90 2453 130 2545 Is
164 2509 253 2575 Vade
268 2508 432 2572 salutatum
446 2532 503 2593 pro
519 2531 584 2591 me,
606 2511 702 2571 liber:
724 2513 772 2572 ire
787 2511 905 2571 iuberis

207 2594 257 2654 Ad
271 2592 400 2655 Proculi
414 2595 549 2674 nitidos,
573 2596 730 2673 officiose,
751 2593 845 2657 lares.

164 2678 298 2756 Quaeris
312 2679 391 2758 iter,
414 2677 527 2739 dicam:
548 2681 682 2739 vIciuum
696 2679 825 2739 Castora
841 2698 935 2740 cauae

209 2762 373 2835 Transibis
388 2762 505 2825 Vestae
518 2763 749 2842 virgineamque
762 2760 902 2838 domnm3

143 2845 245 2908 blnde
261 2866 349 2906 sacro
364 2846 540 2907 veneranda
553 2853 644 2928 petes
658 2845 778 2907 Palatia
794 2845 887 2924 cliuo,

208 2930 347 2991 Plurima
367 2950 426 3010 qua
440 2933 548 2992 summi
561 2930 662 3011 fulget
675 2931 775 3009 imago
790 2928 886 2992 ducis.

166 3015 232 3076 Nec
245 3022 279 3075 tc
294 3013 434 3075 detineat
448 3017 519 3075 miri
532 3013 651 3076 radiata
665 3015 778 3076 colossi

207 3100 294 3175 Quae
308 3097 463 3159 Rhodium
477 3098 575 3160 moles
589 3101 715 3159 viuoere
730 3098 843 3178 gaudet
859 3116 944 3179 opus.

165 3182 276 3244 Flecte
290 3183 354 3242 sias
368 3184 426 3242 hac
442 3202 500 3262 qua
514 3182 629 3243 madidi
645 3189 717 3243 aunt
730 3190 814 3244 tecta
829 3182 925 3261 Lyaei

124 3277 161 3330 10
209 3268 252 3328 Et
266 3265 402 3345 Cybeles
419 3267 503 3346 picto
519 3273 580 3327 stat
596 3267 773 3346 Corybante
787 3274 885 3328 torus.

166 3350 315 3410 Protinus
331 3350 447 3410 alaeva
462 3349 538 3410 clari
556 3352 615 3410 tibi
627 3351 732 3411 fronte
746 3351 881 3410 Penates

211 3434 362 3514 AtrIaque
378 3432 520 3494 excelsae
535 3440 606 3494 cunt
620 3431 761 3497 adeunda
774 3432 893 3493 domus.

1010 3572 1137 3626 ‘a
