2370 3840
330 196 672 261 EPIGRAMMATCN
682 200 756 260 Llll.
776 200 814 265 V.
1032 199 1090 268 117

135 353 218 432 Quid
234 372 303 414 esse
317 360 424 412 nostro
440 353 552 428 fortius
566 358 671 431 potest
684 352 803 415 Paeto?

137 440 327 499 Ducentiens
342 437 478 516 accepit,
500 441 649 496 ettamen
665 438 746 498 vivit.

510 569 673 631 XXXVIII.

137 684 333 749 Calliodorus
345 688 438 747 habet
450 705 574 747 censum
589 723 624 731 -
639 689 706 765 quis
717 688 840 750 nescit?
855 725 890 734 -
903 697 1092 770 equestrem,

180 771 290 850 Sexte,
312 770 369 831 sed
383 777 416 831 ct
429 770 559 830 fratrem
573 770 768 833 Calliodorus
783 775 885 836 habet.

137 855 370 934 Quadringenta
384 862 486 932 secat,
509 856 560 933 qui
577 853 653 915 dicit
668 858 754 916 σῦκα
766 853 889 937 pincia:

178 937 249 1001 Uno
265 939 367 999 credis
383 958 463 1017 equo
477 957 570 1018 posse
584 939 696 1001 sedere
712 940 811 1001 duos?

115 1023 221 1103 5Quid
237 1043 305 1083 cum
321 1024 419 1083 fratre
434 1024 508 1101 tibi,
530 1023 605 1103 quid
622 1045 690 1104 cum
706 1024 833 1086 Polluce
847 1023 1001 1087 molesto?

178 1109 246 1169 Non
262 1114 347 1169 esset
359 1104 469 1168 Pollux
483 1107 510 1166 si
524 1109 597 1186 tibi,
620 1110 730 1169 Castor
748 1129 825 1170 eras.

135 1193 223 1255 Unus
238 1212 305 1253 cum
321 1193 405 1270 sitis,
428 1190 504 1268 duo,
526 1192 722 1272 Calliodore,
745 1194 871 1257 sedetis.

179 1278 293 1357 Surge:
315 1269 544 1356 σολοικισμὸν,
568 1276 760 1357 Calliodore,
782 1279 867 1339 iacis.

136 1363 200 1422 Aut
213 1363 334 1422 imitare
350 1380 445 1442 genus
458 1360 613 1422 Ledae—
625 1383 692 1422 cum
706 1363 804 1424 fratre
821 1363 932 1424 sedere

93 1456 129 1510 10
177 1446 245 1506 Non
258 1453 414 1526 potes-a
426 1445 569 1526 alternis,
589 1446 784 1528 Calliodore,
806 1446 890 1510 sede.

499 1560 636 1646 xxxix.
715 1601 718 1606 ·

137 1695 301 1775 Supremas
319 1695 375 1754 tibi
389 1694 516 1755 triciens
532 1696 565 1754 iu
579 1714 657 1770 auno

137 1777 277 1858 Signanti
293 1774 427 1855 tabulas,
450 1778 602 1856 Charine,
624 1779 694 1839 misi
783 1783 784 1787 ’

138 1861 287 1942 Hyblaeis
303 1861 438 1923 madidas
455 1863 568 1943 thymis
583 1863 752 1943 placentas.

137 1947 263 2006 Defecit
286 1948 435 2007 miserere
450 1948 526 2026 iam,
548 1947 694 2010 Charine.

115 2031 233 2110 osigna
247 2031 363 2108 rarius,
385 2038 437 2091 aut
451 2028 548 2090 semel
562 2031 612 2090 fac
626 2028 723 2106 illud,

137 2114 291 2174 Mentitur
306 2119 358 2173 tua
373 2112 456 2193 quod
470 2113 600 2174 subinde
617 2116 719 2175 tussis.

137 2197 268 2258 Excussi
282 2196 464 2275 loculosque
478 2194 702 2278 saeculumque,

137 2282 255 2342 Croeso
271 2280 396 2341 divitior
408 2279 486 2342 licet
499 2282 644 2358 fuissem,

136 2364 186 2426 lro
200 2367 367 2447 pauperior
382 2366 497 2444 iorem,
520 2367 672 2445 Charine,

96 2449 170 2513 lost
186 2451 334 2510 conchem
349 2452 464 2512 totiens
479 2471 577 2512 meam
592 2470 757 2513 comesses.

545 2593 608 2657 XL.

141 2704 272 2765 Pinxisti
286 2703 459 2782 Venerem,
482 2703 575 2782 colis,
596 2705 812 2784 Artemidore,
834 2705 1023 2767 Minervam:

178 2787 220 2848 Et
235 2788 372 2866 miraris,
393 2807 469 2868 opus
485 2787 681 2868 displicuisse
695 2790 803 2850 tunm‘i

534 2922 611 2985 XLI.
650 2974 654 2979 .

138 3034 282 3117 Spadone
300 3057 368 3098 cum
382 3038 425 3098 sis
442 3040 589 3100 eviratior
603 3041 699 3113 fluxo,

132 3121 179 3180 ‘let
193 3123 363 3182 concubino
379 3121 502 3184 mollior
517 3122 707 3201 Celaenaeo,

137 3205 237 3280 Quem
252 3212 355 3266 sectus
368 3205 468 3266 ululat
481 3209 587 3267 matris
602 3207 734 3268 entheae
750 3207 873 3287 Gallus,

139 3289 279 3349 Theatra
293 3288 430 3369 loqueris
446 3298 478 3350 et
493 3289 604 3368 gradus
623 3297 656 3350 et
670 3290 789 3367 edicta,

116 3372 342 3452 5Trabeasqne
357 3381 390 3435 et
404 3374 476 3435 idus
490 3375 662 3455 fibulasque
678 3393 866 3455 censusque,

137 3456 179 3515 Et
192 3457 345 3534 pumicata
359 3477 511 3539 pauperes
525 3479 616 3519 manu
629 3464 794 3519 monstras.
850 3498 853 3500 -
