2370 3840
292 224 816 290 urruunnnm’runnn.x1v.
915 201 917 204 ⁴
1011 223 1074 288 aaa

389 429 468 491 XIV.
497 427 569 488 Tuli
585 429 720 488 eburnei.
810 417 814 425 ’

114 543 191 604 cum
205 543 332 603 steterit
344 538 448 600 nuilus
462 538 547 600 voitu
561 540 620 598 tibi
634 537 714 599 taius
728 538 855 620 eudem,

154 627 286 687 Munera
300 644 350 685 me
365 624 451 685 dices
466 643 574 702 magna
589 622 714 683 dedisse
728 625 796 686 tibi.

424 756 492 820 XV.
518 758 683 819 Tesserae,

111 856 181 919 Nun
195 858 252 917 sim
269 854 401 916 talorum
415 875 544 916 numeru
558 876 615 937 par
630 862 766 933 tessera,
789 854 859 919 dum
873 856 914 915 sit

153 941 273 1020 Maior,
296 960 386 1020 quarn
400 940 487 1018 talis,
507 939 576 1000 alea
589 958 682 1020 saepe
697 940 781 1002 mihi.

410 1075 491 1138 XVI.
520 1075 698 1136 Turricula.

114 1174 199 1251 Quae
215 1173 275 1234 seit
289 1174 478 1254 compositos
494 1192 599 1233 manus
614 1174 755 1253 improba
768 1173 895 1232 mittere
910 1166 1008 1248 talus,

155 1260 189 1318 Si
202 1276 261 1339 per
276 1277 325 1317 me
339 1259 439 1337 misit,
460 1259 507 1318 nil
519 1258 580 1316 nisi
594 1269 665 1316 vota
678 1256 772 1318 ieret.

357 1389 453 1451 XVii.
481 1389 604 1451 Pabula
618 1391 745 1451 lusoria.

110 1488 178 1548 iiaa
195 1488 271 1548 mihi
286 1489 334 1548 bis
350 1506 426 1548 seno
440 1494 621 1549 numeratur
635 1495 757 1548 tessera
771 1494 905 1570 punct03

155 1570 301 1632 Calculus
316 1572 374 1632 hae
389 1572 511 1649 gemina
527 1570 770 1654 discolor-hoste
782 1574 875 1675 perit.

427 1702 534 1769 XViil.
560 1702 674 1768 Nuces.

113 1800 192 1863 Alea
205 1823 299 1885 parra
312 1822 408 1865 nuces
423 1810 457 1864 et
470 1813 533 1873 nup
548 1804 694 1864 damnosa
706 1803 849 1880 videtur3

154 1887 255 1968 Saepe
272 1896 376 1949 tumen
391 1886 640 1968 puerisabstuiit
651 1886 708 1948 illa
722 1893 821 1948 nates.

370 2018 451 2083 XIX.
479 2021 581 2082 iireaa
596 2021 731 2081 libraria.

113 2116 248 2178 Sortitus
263 2119 384 2179 theram
400 2115 524 2178 calamis
541 2136 661 2178 armare
676 2126 847 2197 memeut03
979 2158 981 2163 .

154 2199 269 2263 Cetera
282 2222 340 2262 nus
358 2198 515 2281 dedimus,
537 2211 571 2262 iu
584 2202 702 2262 leviora
715 2222 799 2283 paru.

438 2337 505 2398 XX.
533 2336 664 2400 Calculi.

111 2435 331 2520 insidiosorum
346 2437 373 2495 si
387 2434 471 2496 ludis
486 2433 569 2496 bella
581 2433 753 2513 latronum,

155 2520 322 2582 Gemmeus
335 2523 397 2580 iste
413 2521 472 2582 tibi
488 2518 579 2580 miles
594 2524 628 2579 et
642 2520 741 2579 hostia
757 2518 828 2578 erit.

383 2655 463 2720 XXI.
486 2655 717 2737 Graphiarium.

109 2751 196 2812 liaea
210 2753 268 2812 tibi
283 2759 375 2812 erunt
390 2758 511 2813 armata·
520 2772 574 2812 suu
589 2751 764 2831 graphiaria
777 2751 880 2812 ferra:

153 2835 187 2895 Si
201 2853 298 2915 puero
314 2835 430 2914 dones,
451 2855 514 2896 nan
528 2835 599 2897 leve
613 2854 722 2895 munus
735 2836 805 2897 erit.

363 2970 456 3033 XXII.
478 2970 740 3052 Dentiscalpium.

111 3068 291 3129 Lentiscum
305 3067 433 3130 melius:
455 3067 513 3130 sed
528 3071 555 3130 si
569 3069 627 3130 tibi
644 3067 777 3129 frondea
791 3069 893 3151 cuspis

153 3152 315 3232 Defuerit,
337 3152 449 3214 dentes
463 3155 558 3236 pinna
571 3153 676 3214 levare
690 3160 803 3234 potest.

362 3259 471 3350 xxrnss
493 3287 733 3371 russanum.
778 3320 780 3324 -

111 3386 146 3448 Si
159 3370 216 3449 tibi
231 3407 353 3450 morosa
369 3388 529 3470 prurigine
544 3389 695 3448 verminat
709 3387 806 3463 auris,

154 3472 248 3534 Arma
262 3472 368 3536 damus
383 3472 477 3534 tantia
486 3477 564 3552 'apta
577 3469 768 3533 libidinibus.
795 3549 861 3612 w
