2370 3840
327 192 665 257 EPIGRAMMATON
683 192 757 254 LIB.
772 193 810 256 V.
1026 188 1087 256 121

129 351 243 412 Omnes
258 348 533 427 grammaticosque
547 346 754 425 rhetorasque

129 436 272 509 Deuites,
293 449 418 491 moneo:
438 429 517 490 nihil
530 431 572 489 sit
585 427 635 488 illi

105 521 205 580 ocum
219 517 310 577 libris
326 516 487 575 ciceronis
502 519 554 573 aut
570 513 718 575 Maronis.
815 528 818 536 ’

128 604 240 662 Famae
255 598 405 660 Tutilium
419 617 491 658 suae
507 596 674 675 relinquas.

130 687 164 745 Si
178 703 286 746 vorsus
301 683 392 759 lacit,
415 680 539 741 abdices
554 687 692 760 poetam:

128 771 223 829 Artes
238 768 361 828 dlacere
376 762 443 826 vult
461 766 658 845 pecuniosus,

128 854 191 914 Fac
206 851 304 912 discat
319 847 516 910 citharoedus
529 855 581 908 aut
596 846 768 908 choraules.

89 947 125 1001 10
133 937 166 996 Si
181 936 251 996 duri
264 953 343 1015 puer
358 935 463 1011 ingeni
477 931 616 1008 videtur,

130 1021 321 1082 Praeconem
336 1017 430 1078 iacias
445 1015 495 1077 vel
511 1017 722 1076 architectum.

518 1151 609 1212 LVII.

130 1269 206 1329 Cum
220 1286 295 1326 voco
310 1273 342 1325 te
359 1264 530 1343 domiuum,
550 1264 616 1324 noli
631 1264 705 1341 tibi,
727 1263 842 1341 Cinna,
863 1261 1007 1344 placere:

174 1352 275 1430 Saepe
293 1351 385 1409 etiam
400 1368 521 1409 servum
537 1350 582 1409 sic
596 1348 732 1408 resaluto
747 1356 841 1408 tuum.

514 1482 619 1546 LVIII.

131 1598 207 1657 Cras
221 1604 253 1657 te
269 1598 435 1673 victurum,
458 1616 526 1657 cras
542 1595 637 1672 dicis,
660 1596 822 1672 Postume,
844 1613 975 1676 semper.

173 1681 230 1741 Dic
248 1682 322 1741 mihi
338 1700 405 1741 cras
423 1679 524 1757 istud,
545 1680 709 1756 Postume,
732 1677 854 1759 quando
870 1681 977 1741 veuit‘t

131 1763 328 1842 Quamlouge
341 1772 389 1824 est
400 1784 468 1824 oras
479 1763 585 1824 istud?
596 1765 648 1824 ubi
660 1763 730 1823 est?
743 1769 795 1823 aut
804 1763 886 1823 unde
897 1765 1089 1844 petendum?

172 1848 327 1926 NumquId
342 1847 421 1928 apud
436 1848 569 1908 Parthos
584 1848 809 1926 Armeniosque
822 1846 923 1908 latet?

108 1934 191 1994 blam
208 1952 275 1992 cras
290 1932 373 1992 istud
387 1934 482 1993 habet
496 1933 610 1992 Priami
624 1931 673 1991 vel
687 1932 829 1991 Nestoris
847 1951 952 1999 anuos.

173 2018 249 2077 Cras
266 2016 349 2076 istud
365 2018 486 2095 quanti,
509 2015 559 2075 die
574 2016 664 2092 mibi,
687 2017 785 2094 possit
799 2015 882 2075 eunii

131 2102 207 2161 Cras
222 2101 320 2159 vives:
342 2099 436 2160 hodIe
451 2101 511 2160 iam
525 2101 646 2176 vivere,
667 2100 831 2176 Postume,
853 2099 974 2160 tardum
988 2108 1052 2162 est:

173 2182 231 2244 Ille
247 2185 343 2264 sapit,
367 2185 521 2263 quisquis,
542 2183 704 2261 Postume,
724 2184 798 2243 vaIt
813 2183 892 2245 heri.

528 2331 604 2392 LIII.

132 2444 220 2521 Quod
235 2465 297 2507 uon
312 2451 489 2524 argeutum,
512 2445 595 2525 quod
609 2465 671 2505 nou
684 2446 744 2506 tibi
757 2445 905 2504 mittimus
921 2461 1045 2512 aurum,

173 2529 240 2588 Hoc
253 2529 381 2589 iacimus
396 2550 511 2608 causa,
523 2529 622 2590 Stella
636 2529 773 2605 diserte,
795 2535 856 2589 tua.

132 2612 276 2692 Quisquis
291 2633 397 2692 magua
413 2613 516 2691 dedit,
538 2614 635 2674 voluit
649 2614 707 2673 sibi
723 2631 829 2692 magua
843 2611 976 2685 remittl3

173 2696 336 2758 Fictilibus
350 2699 465 2758 uostris
481 2697 751 2758 exoneratus'eris.

535 2832 598 2892 LX.

132 2942 271 3006 Allatres
285 2945 362 3006 licet
375 2967 473 3027 usque
487 2967 543 3007 uos
561 2952 594 3004 et
606 2964 702 3024 usque

132 3029 174 3088 nt
188 3030 362 3107 gannitibus
376 3032 525 3112 improbis
537 3030 687 3107 lacessas,

133 3113 260 3172 certum
275 3120 324 3174 est
338 3116 416 3174 hauc
429 3115 487 3175 tibi
503 3132 677 3195 pernegare
693 3113 814 3183 famam,

133 3194 214 3256 Olim
231 3217 319 3276 quam
333 3200 415 3278 petis
429 3199 462 3258 iu
479 3199 555 3258 meis
568 3195 686 3258 libellis

111 3279 361 3360 bQualiscuuque
375 3280 490 3362 legaris
504 3289 537 3341 ut
551 3301 609 3362 per
624 3282 740 3344 orbem.

133 3364 208 3423 Nam
223 3371 255 3424 te
272 3385 325 3425 cur
343 3365 453 3444 aliquis
469 3367 545 3426 sciat
559 3364 676 3424 luisset

132 3447 257 3526 ignotus
269 3467 398 3531 pereas,
419 3451 533 3531 miser,
552 3466 685 3511 neccsse
698 3452 759 3509 est.
