2370 3840
123 187 166 251 36
447 188 491 253 M.
508 188 600 252 VAL.
616 188 844 254 MARTIALIS.

207 341 303 401 Paret
316 341 481 421 purpureis
497 358 571 420 aper
587 341 747 420 capistris3

209 424 333 505 Turpes
348 424 459 484 esseda
475 423 558 502 quod
573 425 700 484 trabunt
712 426 853 487 bisontes

207 507 249 570 Et
264 506 374 568 molles
390 507 464 567 dare
479 508 562 568 iussa
577 508 661 587 quod
675 509 805 569 choreas

83 637 88 647 ·
166 591 302 670 loNigro
316 590 409 653 belua
423 611 485 651 non
499 598 592 671 negat
607 593 771 671 magistro:

209 677 284 752 Quis
299 674 474 757 spectacula
488 695 550 736 non
565 682 655 757 putet
671 676 820 738 deorum?

208 759 294 820 Haec
311 761 422 821 transit
435 767 554 836 tamen,
576 766 611 820 ut
624 761 759 840 minora,
782 761 921 841 quisquis
1016 773 1021 775 “

207 843 346 908 Venatus
358 843 491 905 humiles
507 842 593 905 videt
606 841 750 922 leonum,

209 928 293 1003 Quos
306 927 397 988 velox
410 928 552 1009 leporum
566 929 660 988 timor
673 927 792 1007 fatigat.

167 1011 391 1092 15Dimittunt,
413 1018 561 1093 repetunt
580 1019 742 1092 amantque
758 1020 863 1095 captos

207 1097 250 1158 Et
265 1098 405 1157 securior
421 1098 516 1157 estin
532 1116 587 1157 orc
602 1096 735 1177 praeda,

209 1179 308 1240 Laxos
325 1181 374 1241 cui
389 1179 464 1242 dare
479 1182 665 1261 perviosque
679 1183 777 1241 rictus

210 1264 355 1325 Gaudent
369 1272 402 1325 ct
416 1265 540 1326 timidos
556 1271 666 1325 tenere
682 1263 810 1344 dentes,

210 1346 341 1410 Mollem
356 1348 501 1429 frangere
518 1348 588 1410 dum
603 1348 701 1430 pudet
719 1351 873 1430 rapinam,

166 1431 319 1494 lustratis
334 1453 402 1494 cum
416 1432 506 1494 modo
519 1435 663 1494 venerint
676 1434 823 1496 iuvencis.

209 1515 295 1576 Haec
313 1515 477 1578 clementia
491 1538 552 1577 non
566 1523 694 1598 paratur
709 1524 790 1596 arte,

209 1598 273 1660 Sed
288 1607 403 1660 norunt
422 1604 471 1661 cni
486 1603 621 1662 serviant
634 1599 752 1663 leones.

613 1734 677 1797 GV.

211 1845 246 1905 lu
261 1843 479 1923 Nomentanis,
501 1845 606 1924 Ovidi,
629 1846 712 1924 quod
726 1847 862 1908 nascitur
878 1848 968 1929 arvis,

251 1930 383 2010 Accepit
397 1931 539 2009 quotiens
556 1937 697 2011 tempora
710 1930 802 2010 longa
816 1951 949 2012 merum,

207 2013 300 2074 Exuit
316 2032 429 2074 annosa
444 2033 545 2075 mores
559 2034 733 2096 nomenque
749 2024 874 2077 senecta

250 2097 292 2159 ut
308 2097 457 2178 quidquid
471 2099 585 2180 voluit,
607 2106 688 2161 testa
703 2107 829 2162 vocatur
844 2120 927 2162 anus.

606 2235 684 2298 cvl.

206 2342 381 2425 Interponis
397 2364 505 2424 aquam
520 2344 666 2422 subinde,
687 2344 787 2421 Rufe,

207 2426 290 2487 Etsi
307 2429 429 2505 cogeris
445 2448 461 2485 a
477 2425 598 2504 sodale,
620 2446 720 2487 raram
790 2501 792 2505 Ι
899 2434 902 2440 “

206 2508 305 2569 Diluti
321 2512 401 2570 bibis
414 2510 533 2569 unciam
547 2509 684 2575 Falerni.

207 2591 362 2672 Numquid
378 2591 518 2674 pollicita
533 2595 653 2654 esttibi
669 2595 790 2654 beatam

187 2676 339 2737 5Noctem
354 2677 467 2737 Naevia
483 2679 664 2757 sobriasque
677 2676 771 2738 mavis

208 2760 321 2821 Certae
335 2762 489 2840 nequitias
504 2761 690 2822 fututionis?

208 2843 366 2925 Suspiras,
386 2847 519 2926 retices,
539 2846 650 2925 gemis:
672 2847 804 2925 negavit.

208 2927 344 2989 Crebros
361 2947 435 3008 ergo
450 2928 627 2990 licetbibas
641 2931 774 2991 trientes

207 3009 250 3072 Et
265 3010 373 3072 durum
387 3012 507 3092 iugules
522 3031 607 3074 moro
625 3013 772 3076 dolorem.

166 3103 201 3156 lo
208 3094 289 3172 Quid
305 3098 406 3177 parcis
425 3098 500 3177 tibi,
522 3097 626 3160 Rufe?
650 3096 862 3159 dormiendum
878 3101 936 3159 est.

601 3233 693 3295 cvii.

207 3339 307 3423 Saepo
324 3344 399 3404 mibi
415 3343 510 3422 dicis,
529 3344 606 3405 Luci
625 3344 782 3404 carissime
798 3341 874 3422 luli,

102 3466 124 3625 p
249 3426 381 3506 „Scribe
401 3427 518 3510 aliquid
531 3447 685 3508 magnum:
708 3426 881 3489 desidiosus
896 3428 988 3488 homo
1005 3426 1072 3491 es.“
