2370 3840
326 165 666 230 nrmaauuauou
679 166 753 227 ara.
769 165 819 226 ua
1031 134 1110 228 215'

179 322 247 382 Stat
260 317 402 401 platanus
417 317 522 379 densis
538 319 720 381 caesariana
734 320 847 398 comis,

135 407 275 486 Hospitis
289 404 397 463 invicti
410 406 514 482 posuit
530 422 619 483 quam
634 401 762 462 dextera
775 401 868 480 felix,

179 489 291 568 Coepit
307 493 340 546 et
356 506 393 546 eu
407 484 462 546 illa
477 504 621 557 crescere
639 487 724 565 virga
738 506 838 550 mauu.

136 576 304 634 Auctorem
320 569 537 650 domiuumque
552 589 638 630 suum
653 571 771 631 sentire
785 569 926 630 videtur:

94 670 129 722 lo
177 659 228 718 Sic
242 659 324 717 viret
338 660 372 715 et
384 656 477 715 ramis
492 655 595 716 sidera
612 652 695 714 celsa
709 656 798 734 petIt.

136 743 236 821 Saepe
250 740 305 802 sub
321 740 378 799 hac
393 739 508 798 madidi
524 738 668 799 luserunt
682 740 793 799 arbore
808 737 905 797 Fauni

178 824 309 886 Terruit
323 831 356 882 ct
370 825 494 883 tacitam
507 821 611 883 fistula
626 841 697 882 sera
711 821 848 896 domum;

134 912 275 988 Dumque
288 908 371 986 fugit
384 906 466 966 solos
481 915 665 968 nocturnum
677 907 762 967 Pana
774 924 832 986 per
849 923 956 983 agros,

179 994 279 1072 Saepe
294 992 349 1050 sub
364 991 422 1050 hac
435 989 526 1051 latuit
540 992 655 1051 rustica
668 990 781 1055 fronde
795 991 902 1069 Dryas.
989 1016 991 1020 ·

94 1079 238 1156 15Atque
254 1075 360 1136 oluere
374 1072 458 1134 lares
477 1077 677 1135 comissatore
690 1074 811 1154 Lyaeo,

180 1161 286 1221 Crevit
302 1167 334 1218 et
349 1160 447 1218 effuso
461 1156 575 1219 laetior
588 1161 696 1220 umbra
709 1177 812 1234 mero;

134 1244 362 1321 Hesternisque
376 1244 491 1302 rubeas
508 1242 630 1303 deiecta
644 1248 694 1303 est
707 1244 805 1302 herba
820 1241 960 1317 coronis,

178 1330 281 1407 Atque
296 1345 364 1386 suas
378 1327 481 1406 potuit
495 1325 602 1386 dicere
616 1344 706 1386 nemo
721 1345 817 1388 rosas.

136 1412 162 1472 0
180 1410 295 1471 dilecta
310 1409 392 1485 deis,
413 1428 431 1468 o
445 1410 546 1487 magni
560 1410 702 1470 GaesarIs
716 1411 825 1486 arbor,

91 1507 129 1561 20
177 1496 223 1556 Ne
238 1500 355 1554 metuas
369 1493 487 1551 ferrum
504 1492 733 1572 sacriIegosque
748 1493 844 1552 locos.

135 1580 308 1660 Perpetuos
323 1595 451 1656 sperare
466 1574 544 1636 licet
558 1577 616 1636 tibi
630 1575 751 1637 frondis
767 1577 919 1637 honoreus

176 1664 245 1723 Non
259 1660 463 1743 Pompeianae
479 1666 511 1719 te
524 1679 658 1741 posuere
673 1679 788 1721 manus.

533 1830 624 1892 LXII.

136 1943 257 2004 Tinctis
271 1946 388 2005 murico
403 1945 540 2005 vestibus
557 1941 639 2021 quod
656 1942 739 2001 omui
830 1973 832 1976 ·
855 1952 857 1956 ’

134 2028 177 2086 Et
188 2034 281 2088 nocte
297 2031 396 2089 utitur
411 2036 443 2089 et
459 2026 509 2087 dle
523 2024 700 2105 Philaenis,

135 2110 204 2169 Nou
218 2118 267 2171 est
283 2113 442 2172 ambitiosa
456 2129 514 2170 neo
530 2110 679 2188 superba:

135 2193 315 2256 Delectatur
331 2195 443 2273 odoro,
464 2212 527 2253 non
539 2190 653 2251 colore.

520 2358 624 2420 LXIII.

135 2470 185 2531 Ad
201 2491 307 2533 cenam
320 2475 451 2536 invitant
465 2493 571 2536 omncs
585 2484 634 2553 te,
656 2473 800 2550 Phoebe,
822 2466 952 2531 cinaedi.

177 2556 319 2618 Mentula
334 2579 425 2638 quem
440 2560 556 2639 pascit,
576 2577 653 2638 uon,
675 2563 770 2636 puto,
791 2572 886 2635 purus
900 2553 991 2612 homo
1007 2556 1065 2613 est.

520 2721 628 2783 LXIV.

135 2826 282 2887 Herculis
296 2829 329 2887 iu
342 2833 443 2908 magni
459 2830 560 2891 voltus
576 2829 768 2891 descendero
783 2829 898 2890 Cacsar

178 2911 327 2988 DIgnatus
341 2911 448 2973 Latiae
465 2913 517 2974 dat
530 2935 608 2974 nova
622 2913 739 2995 templa
752 2915 835 2992 viae,

137 2997 204 3071 Qua
220 2995 344 3054 'frisiae
357 3015 521 3057 nemorosa
534 3000 615 3077 petit
629 2997 701 3059 dum
716 3017 812 3077 regna
825 2998 941 3073 viator,

179 3079 326 3138 Octavum
343 3078 465 3139 domina
480 3100 612 3140 marmor
628 3083 664 3141 ab
680 3083 757 3142 urbe
771 3080 859 3160 legit.

114 3163 219 3224 5Autc
235 3161 396 3223 colebatur
409 3165 488 3223 votis
505 3169 540 3222 ct
553 3166 700 3242 sanguine
715 3165 817 3244 largo,

176 3247 330 3308 Maiorem
344 3245 477 3306 Alciden
491 3267 572 3307 nunc
585 3249 686 3307 minor
700 3249 768 3328 Ipse
783 3246 866 3308 colit.

135 3329 226 3391 Hunc
240 3350 364 3412 magnas
378 3325 467 3410 rogat
483 3330 562 3392 alter
579 3350 671 3412 opes,
692 3338 782 3410 rogat
796 3327 877 3391 alter
891 3327 1047 3402 honores3

176 3411 226 3474 IIli
240 3434 367 3476 securus
381 3421 452 3476 vota
465 3415 584 3475 minora
598 3414 684 3477 facit.
