2370 3840
355 200 360 209 -
424 162 468 224 M.
484 161 575 224 VAL.
591 159 817 222 MARTlALlS

478 341 480 345 ’
575 366 679 429 uvm.

187 481 222 540 ln
239 481 379 540 tenebris
394 478 482 558 luges
501 481 661 557 amissum,
681 479 786 559 Galla,
808 484 962 545 maritum.

230 564 292 623 lam
305 560 431 645 plorare
447 563 546 649 pudet
560 571 608 642 te,
626 570 720 645 puto,
742 563 831 626 Galla
844 569 952 628 virum.

591 697 667 759 uix.

188 810 350 872 Flentibus
363 807 529 870 Heliadum
543 810 636 868 ramis
652 807 723 870 dum
738 812 845 891 vipera
864 813 965 893 repit,

229 895 335 955 linxit
350 896 382 953 in
400 894 574 953 obstantem
587 894 693 953 sucina
708 900 794 973 gutta
807 895 914 958 feram.

90 1023 93 1031 ,
192 979 278 1055 Quae
293 978 365 1037 dum
379 978 509 1036 miratur
525 978 632 1057 pingui
646 996 681 1037 se
695 997 769 1038 rore
782 982 904 1058 teneri,

233 1065 388 1124 Concreto
405 1062 501 1139 riguit
515 1063 617 1121 vineta
630 1068 762 1143 repente
779 1061 859 1142 gelu.

168 1146 238 1210 aNe
255 1147 313 1207 tibi
328 1144 426 1224 regali
440 1142 581 1224 placeas,
604 1144 787 1226 Cleopatra,
807 1145 971 1228 sepulcro,

232 1231 349 1311 Vipera
363 1232 390 1289 si
404 1228 521 1289 tumulo
536 1227 690 1291 nobiliore
705 1232 795 1292 iacet.

595 1363 659 1428 LX.

191 1478 296 1538 Ardea
311 1475 445 1537 solstitio
460 1478 670 1556 Castranaque
689 1496 762 1537 rura
774 1485 921 1558 petantur

235 1563 357 1639 Quique
372 1559 529 1620 Cleonaeo
545 1559 649 1620 sidere
660 1561 763 1621 fervet
777 1581 867 1641 ager,

193 1647 270 1709 Cum
286 1645 466 1706 Tiburtinas
482 1644 606 1705 damnet
621 1645 775 1705 Curiatius
791 1666 879 1707 auras

234 1733 319 1791 inter
336 1728 477 1789 laudatas
494 1728 533 1788 ad
548 1729 643 1807 Styga
657 1729 766 1789 missus
782 1750 884 1810 aquas.

169 1814 284 1878 5Nullo
299 1815 363 1874 iata
376 1813 447 1874 loeo
462 1813 562 1895 possis
576 1810 759 1874 excludere:
783 1834 852 1875 enm
866 1835 951 1876 mors

235 1900 383 1977 Venerit,
406 1899 438 1957 in
452 1896 555 1958 medio
572 1897 691 1957 Tibure
706 1896 849 1959 Sardinia
862 1906 919 1960 est.

593 2051 670 2112 LXI.

193 2165 331 2226 Donasse
348 2165 476 2226 amioum
491 2165 549 2225 tibi
564 2163 713 2241 ducenta,
735 2163 897 2242 Manciae,

193 2249 299 2329 Nuper
313 2251 448 2329 superbo
462 2248 563 2309 laetus
578 2266 633 2308 ore
648 2248 778 2308 iactasti.

194 2332 327 2408 Quartus
342 2332 409 2393 dies
424 2339 490 2409 est,
512 2334 544 2391 iu
560 2330 666 2391 schola
678 2338 841 2412 poetarum

193 2415 272 2475 Dum
286 2414 473 2493 fabulamur,
496 2412 619 2475 milibus
634 2415 742 2475 decem
759 2413 836 2477 dixti

173 2500 322 2578 5Emptas
335 2498 477 2559 lacernas
491 2517 599 2558 munus
616 2517 685 2558 esse
700 2498 894 2579 Pompullae,

194 2582 394 2662 Sardonycha
407 2600 514 2642 verum
526 2580 766 2662 lychnidemque
781 2586 902 2645 eeriteu

193 2667 336 2745 Duasque
352 2665 469 2727 similes
481 2667 625 2726 fluetibus
639 2668 732 2726 maris
748 2686 882 2746 gemmas

193 2750 325 2811 Dedisse
340 2752 463 2812 Bassam
478 2748 676 2830 Caeliamque
690 2753 807 2812 iurasti.

193 2835 280 2895 Here
296 2834 335 2895 de
353 2837 492 2914 theatro,
515 2835 645 2896 Polione
661 2841 820 2914 cantante,

152 2931 187 2984 lo
194 2919 272 2980 Cum
286 2920 387 2980 subito
403 2922 521 2998 abires,
544 2919 616 2980 dum
630 2921 728 3000 fugis,
748 2919 946 2999 loquebaris,

196 3002 390 3065 Hereditatis
403 3005 461 3084 tibi
474 3010 616 3065 trecenta
629 3006 768 3082 venisse,

194 3088 237 3150 Et
250 3107 340 3148 mane
355 3094 494 3164 centum,
516 3096 587 3168 post
600 3088 763 3150 meridiem
780 3095 912 3149 centum,

197 3171 278 3249 Quid
291 3173 350 3234 tibi
363 3170 486 3232 sodales
500 3174 629 3234 fecimus
644 3172 715 3233 mali
729 3173 868 3233 tantum?

195 3258 353 3319 Miserere
366 3258 426 3316 iam
441 3256 575 3317 crudelis
592 3265 624 3318 et
637 3256 842 3318 sile-tandem.

156 3344 274 3420 redut,
296 3344 323 3403 si
337 3348 441 3403 tacere
456 3341 561 3421 lingua
576 3361 638 3402 non
652 3348 757 3422 potest
770 3344 845 3419 ista,

196 3425 371 3508 Aliquando
386 3447 494 3507 narra,
515 3425 598 3508 quod
611 3425 740 3487 velimus
757 3425 874 3488 audire.
