2370 3840
425 212 469 272 M.
485 207 577 275 VAL.
592 209 819 271 MARTIALIS

542 412 705 475 LXXVIII.

184 530 268 605 Quos
284 531 414 607 cuperet
427 524 601 602 Phlegraea
616 538 686 584 suos
700 526 831 585 victoria
845 522 951 600 Indos,

224 611 329 673 Indioa
344 629 420 689 quos
436 614 567 689 cuperet
580 628 708 689 pompa,
728 607 848 687 Lyaee,
872 615 958 685 tuos,

181 698 273 759 Fecit
287 694 488 775 Hyperborei
505 691 682 752 celebrator
697 691 797 752 Stella
811 693 979 772 triumphi,

225 783 251 842 0
269 779 384 861 pudor!
408 799 425 838 o
440 777 556 858 pietas!
580 783 613 836 et
627 782 716 856 putat
733 795 803 837 esse
817 797 936 856 parum.

160 867 252 928 5Non
267 862 317 924 illi
332 864 407 923 satis
427 867 476 921 est
489 863 614 921 turbato
630 861 775 922 sordidus
790 881 864 921 anro

223 950 358 1009 Hermus
375 954 408 1007 et
421 946 577 1025 Hesperio
594 946 646 1024 qui
661 952 750 1006 sonat
765 948 840 1006 orbe
858 945 971 1024 Tagus.

152 1090 157 1098 .
182 1034 290 1095 Omnis
304 1033 400 1091 habet
415 1050 470 1090 sua
484 1029 565 1090 dona
582 1029 667 1104 dies;
687 1049 747 1089 nee
760 1028 846 1090 linea
861 1029 946 1090 dives

225 1119 353 1194 Cessat,
377 1121 409 1174 et
424 1115 457 1174 in
471 1113 618 1194 popnlnm
633 1112 729 1173 multa
742 1116 850 1195 rapina
865 1113 957 1175 cadit.

181 1203 269 1262 Nnnc
284 1201 412 1262 veniunt
429 1200 539 1259 subitis
553 1198 665 1258 lasciva
679 1199 859 1258 nomismata
874 1198 1004 1279 nimbis,
1060 1204 1062 1208 ’

139 1298 173 1349 10
220 1286 309 1347 Nune
325 1284 377 1344 dat
393 1288 548 1365 spectatas
562 1289 683 1343 tessera
695 1281 782 1360 larga
793 1284 894 1360 feras,

180 1372 268 1431 Nunc
282 1368 416 1450 implere
431 1369 515 1428 sinna
530 1386 657 1428 securos
672 1368 786 1446 gaudet
800 1374 834 1428 et
847 1369 958 1428 absens

106 1479 113 1492 ·
224 1455 364 1515 Sortitur
382 1454 539 1530 dominos,
562 1471 602 1512 ne
619 1450 794 1528 laceretur,
817 1453 888 1513 avis.

183 1538 265 1615 Quid
278 1556 439 1597 numerem
455 1557 564 1597 enrrns
579 1542 630 1597 ter
644 1534 786 1614 denaque
801 1537 939 1616 praemia
952 1535 1094 1619 palmae,

224 1624 309 1699 Quae
326 1622 401 1681 dare
416 1640 478 1681 non
494 1638 618 1701 semper
632 1617 741 1680 consul
755 1626 888 1700 uterque
906 1619 1009 1681 soleti

140 1719 173 1770 15
181 1708 290 1768 Omnia
304 1704 376 1783 sed,
400 1705 529 1782 Caesar,
548 1709 636 1763 tanto
651 1717 837 1785 superantur
849 1706 986 1783 honore,

225 1789 315 1868 Quod
330 1794 539 1870 spectatorem
554 1795 587 1848 te
601 1794 654 1847 tua
667 1786 772 1848 laurus
786 1791 888 1852 habet.

550 1915 687 1977 LXXIX.

185 2017 299 2077 Omnes
315 2020 368 2074 aut
382 2010 502 2074 vetulas
518 2014 614 2074 habes
630 2016 758 2092 amicas,

180 2102 243 2161 Aut
257 2108 365 2180 turpes
379 2096 555 2178 vetulisque
572 2098 740 2160 foediores.

179 2186 244 2246 Has
260 2185 346 2246 ducis
361 2184 490 2244 comites
506 2185 666 2263 trahisque
681 2190 784 2244 tecum

181 2271 243 2330 Per
259 2270 411 2346 convivia,
433 2270 589 2347 porticus,
610 2269 742 2329 theatra.

182 2355 233 2414 Sic
247 2353 399 2430 formosa,
420 2350 565 2426 Fabulla,
588 2353 633 2411 sie
646 2350 752 2433 puella
766 2370 808 2412 es.

554 2478 676 2539 LXXX.

183 2576 365 2636 Sanctorum
381 2579 471 2637 nobis
486 2574 635 2636 miracula
650 2576 757 2637 reddis
773 2597 911 2653 avorum,

224 2661 288 2720 Nec
302 2663 437 2740 pateris,
461 2661 592 2738 Caesar,
615 2659 737 2721 saecula
752 2681 828 2721 cana
841 2663 936 2738 mori,

183 2745 259 2804 Cum
274 2752 399 2805 veteres
413 2745 520 2805 Latiae
538 2746 617 2805 ritus
632 2752 820 2810 renovantur
833 2746 970 2805 harenae

223 2829 264 2886 Et
279 2836 397 2908 pugnet
411 2831 508 2890 virtus
523 2828 714 2910 simplicIore
728 2849 828 2890 mauu.

183 2913 234 2972 Sia
249 2912 361 2991 priscis
376 2920 515 2974 servatus
529 2914 628 2973 honos
644 2916 680 2974 te'
691 2913 836 2993 praeside
849 2910 992 2992 templis,

223 2997 265 3055 nt
281 3015 350 3055 casa
366 3003 429 3056 tam
444 2997 527 3058 cnIto
544 2998 599 3058 sub
614 2997 685 3058 Iove
700 3017 814 3058 numen
830 2999 941 3071 habet3

184 3081 236 3141 Sic
252 3099 331 3139 nova
346 3080 417 3140 dum
433 3080 559 3160 condis,
580 3099 726 3160 revocas,
748 3083 904 3161 Anguste,
925 3079 1047 3161 priora:
1074 3096 1079 3101 ·

223 3166 386 3224 Debentur
402 3183 481 3244 quae
496 3173 567 3225 aunt
586 3185 728 3246 quaeque
743 3167 834 3227 fuere
848 3165 916 3226 tibi.

549 3275 685 3340 LXXXI.

180 3376 250 3436 Non
266 3395 324 3457 per
339 3376 467 3455 mystica
481 3393 568 3434 sacra
583 3373 808 3454 Diadymenes‚

177 3461 245 3522 Nec
257 3479 315 3542 per
328 3459 466 3522 NiIIacae
480 3460 590 3520 bovem
603 3459 768 3536 iuvencae,
