2370 3840
108 197 173 261 272
433 196 478 258 M.
494 195 585 257 VAL.
601 193 825 256 MARTIALIS

195 353 238 413 Et
251 369 326 410 voce
342 355 428 410 certa
442 350 624 425 consciaque
639 345 780 424 dicebat,

195 437 279 495 Puer
295 454 332 494 an
345 432 449 513 puella
463 433 569 492 matria
584 437 668 492 esset
678 433 711 490 in
729 436 854 492 ventre:

195 553 237 563 —
253 516 395 579 Gaudete
411 517 521 591 cunni;
540 521 643 575 vestra
659 534 790 594 namque
804 532 856 574 res
872 521 940 575 acta
955 522 1004 575 est
1017 551 1063 564 --

153 612 188 666 10
195 603 344 680 Arrigere
359 600 492 679 linguam
506 619 569 658 non
583 606 688 678 potest
701 599 888 659 fututricem.

194 684 276 746 Nam.
287 684 357 745 dum
372 684 504 744 tumenti
519 701 637 742 mersus
652 684 762 741 haeret
774 683 806 741 in
821 681 906 742 vulva
1014 715 1016 718 v

195 769 237 829 Et
250 770 408 846 vagientes
422 770 505 827 lutus
519 765 604 826 audit
617 767 768 842 infantes,

195 851 320 921 Partem
337 849 473 930 gulosam
488 849 579 910 solvit
592 850 739 909 indecens
754 850 887 911 morbus.

197 935 261 995 Nec
277 954 372 1016 purus
387 953 456 995 erse
469 953 550 994 nunc
565 939 670 1013 potest
685 952 744 993 nec
757 934 903 1013 impurus.

589 1080 679 1139 LXII.

197 1192 310 1254 Lesbia
324 1211 358 1253 se
371 1194 453 1252 iurat
467 1193 561 1270 gratis
575 1211 728 1271 nunquam
744 1210 812 1251 csse
826 1192 966 1253 fututam.

239 1279 356 1340 Verum
372 1283 428 1337 est.
460 1277 536 1338 (lum
550 1277 629 1336 futui
645 1273 725 1351 volt,
745 1293 907 1336 numerare
923 1274 1012 1336 solet.

581 1425 684 1486 LXIII.

197 1544 327 1623 Spectas
344 1562 419 1620 nos,
438 1540 634 1620 Philomuse,
657 1562 724 1601 cum
737 1537 889 1622 lavamur,

197 1628 239 1687 Et
254 1645 349 1706 quare
364 1627 439 1687 mlhi
453 1632 514 1685 tam
528 1627 689 1685 mutuniati

199 1711 269 1770 Sint
281 1708 367 1770 leves
381 1710 488 1788 pueri,
510 1708 639 1769 subinde
656 1710 787 1786 quaeris.

198 1795 304 1853 Dicam
318 1790 502 1874 simpliciter
516 1793 574 1852 tibi
587 1794 723 1871 roganti:

176 1877 382 1956 5Paedicant,
403 1875 599 1954 Philomuse,
621 1877 766 1938 curiosos.

582 2023 688 2086 LXIV.

196 2137 309 2198 Nescio
327 2145 388 2199 tam
403 2137 507 2200 multia
524 2139 597 2219 quid
612 2140 745 2218 scribas,
765 2139 899 2218 Fauste,
920 2139 1053 2222 puellis:

239 2221 308 2282 Hoc
324 2225 405 2302 scio,
428 2222 511 2303 quod
525 2224 634 2284 scribit
650 2221 735 2283 nulla
748 2221 853 2304 puelle
869 2225 936 2286 tibi.

582 2370 675 2433 LXV.

199 2481 342 2542 Sescenti
357 2486 468 2542 cenant
484 2489 565 2562 ate,
588 2484 720 2565 iustine,
742 2487 842 2546 vocati

238 2565 331 2626 Lucia
346 2562 385 2624 ad
400 2566 534 2626 officium
549 2587 627 2646 quae
642 2571 701 2629 tibi
716 2570 814 2649 prima
827 2570 896 2630 init.

196 2647 281 2709 luter
300 2667 392 2727 quos,
414 2650 554 2729 memini,
575 2670 636 2710 non
651 2651 777 2714 ultimus
793 2672 863 2714 esre
876 2653 1029 2728 solebam3

238 2731 303 2791 Nec
316 2730 405 2792 Iocus
419 2733 470 2793 hic
484 2735 573 2794 nobis
586 2736 755 2797 invidiosus
770 2744 846 2799 erat.

176 2815 331 2875 al’ostera
344 2814 400 2875 sed
414 2817 513 2877 festae
525 2818 632 2878 reddis
648 2817 812 2881 sollemnia
823 2839 962 2882 mensae:

239 2897 396 2958 Sescentis
410 2900 520 2979 holle,
543 2923 610 2963 cras
625 2905 700 2963 mihi
716 2909 806 2970 natus
821 2906 892 2966 eris.

578 3053 685 3116 LXVI.

193 3163 236 3223 Et
252 3160 421 3225 delatores
436 3174 468 3227 et
483 3166 699 3250 calumniator,

141 3311 152 3334 ·
193 3246 239 3306 Et
247 3247 407 3308 fraudator
421 3269 455 3311 es
473 3257 506 3312 et
521 3254 713 3333 negotiator,

193 3330 236 3389 ut
248 3330 378 3393 fellator
393 3352 426 3394 er
441 3341 474 3394 et
487 3334 607 3397 lanista.
637 3336 739 3398 Miror

186 3414 292 3488 Quare
302 3437 368 3480 uon
380 3418 514 3501 habeas,
535 3411 692 3502 Vacerra,
707 3441 857 3486 nummos.
