2370 3840
323 201 662 263 EPIGRAMMATON
674 199 749 263 LlB.
765 201 815 261 IX.
1030 201 1093 266 199

136 355 270 415 Grandis
283 355 316 413 in
332 354 472 414 aetherio
486 351 561 412 licet
576 354 675 412 auctio
691 353 745 411 liat
759 350 890 431 Olympo

182 439 401 517 Coganturque
417 436 469 496 dei
482 435 619 495 vendere
635 434 785 515 quidquid
800 435 931 495 habent:

113 522 346 583 bconturbabit
359 518 464 597 Atlas,
485 526 518 580 et
531 539 593 578 non
608 521 670 578 erit
682 519 773 577 uncia
786 525 868 596 tota,

177 603 308 664 Decidat
320 610 424 663 tecum
438 623 497 682 qua
510 608 600 682 pater
615 604 682 681 ipse
697 598 796 663 desim.

135 688 196 747 Pro
213 686 397 767 Capitolinis
412 685 486 766 quid
501 688 583 745 enim
599 687 657 745 tibi
671 683 793 745 solvere
808 682 952 763 templis,

178 770 259 846 Quid
272 791 329 851 pro
345 770 498 850 Tarpeiae
513 769 634 829 frondis
650 770 769 829 honore
783 767 909 848 potest?

136 853 216 930 Quid
229 873 287 933 pro
303 853 484 913 culminibus
499 854 627 930 geminis
643 859 781 912 matrona
796 851 968 911 Tonantis?

93 948 127 999 10
175 936 300 996 Pallada
313 943 495 1017 praetereo:
516 955 568 997 res
581 938 647 1015 agit
661 936 714 996 illa
728 942 804 996 tuas.

136 1019 217 1096 Quid
230 1018 341 1099 loquar
354 1019 487 1080 Alciden
502 1020 723 1100 Phoebumque
737 1021 868 1100 piosque
881 1016 1042 1077 Laconas?

176 1102 291 1163 Addita
307 1105 381 1183 quid
394 1103 482 1164 Latio
498 1102 604 1164 Flavia
621 1103 735 1183 templa
748 1102 844 1183 polo?

132 1186 287 1266 Expectes
302 1195 334 1248 et
348 1188 516 1266 sustineas,
534 1188 688 1266 Auguste,
711 1203 840 1247 necesse
855 1191 920 1244 cst:

175 1269 251 1330 Nam
265 1273 322 1332 tibi
338 1270 420 1350 quod
435 1268 533 1331 solvat
547 1291 609 1331 non
623 1271 718 1330 habet
732 1289 802 1329 arca
816 1269 904 1329 lovis.

525 1403 577 1464 lV.

133 1499 278 1559 Aureolis
292 1501 372 1560 futui
387 1520 455 1560 curn
468 1502 569 1581 possit
583 1499 670 1561 Galla
684 1501 801 1561 duobus

176 1584 217 1642 ht
231 1583 300 1663 plus
317 1603 405 1662 quam
421 1584 518 1663 futui,
542 1586 568 1645 si
583 1583 714 1646 totidem
729 1581 901 1645 addideris:

132 1666 286 1727 Aureolos
304 1675 366 1728 ate
382 1688 437 1728 cnr
452 1670 579 1749 accipit,
601 1667 776 1749 Aeschyle‚
799 1666 918 1728 denos?

175 1752 242 1810 Non
259 1750 349 1812 fellat
362 1754 442 1812 tanti
457 1752 553 1814 Galla.
583 1752 665 1828 Quid
679 1753 775 1833 erpo‘.l
804 1750 912 1812 Tacet.

551 1887 589 1948 V.

129 1978 255 2038 Nubere
269 1979 314 2038 vis
332 1978 454 2041 Prisco:
475 2000 537 2040 non
550 1983 662 2060 miror,
686 1981 793 2042 Paula:
816 1981 932 2060 sapisti.

173 2062 296 2121 Ducere
309 2067 342 2121 ta
357 2081 420 2121 non
435 2062 500 2123 volt
514 2064 653 2125 Priscus:
676 2070 708 2125 et
723 2064 777 2125 ille
792 2065 882 2144 sapit.

539 2197 590 2258 Vl.

112 2357 114 2361 ,
131 2293 220 2370 Tibi,
243 2311 358 2352 summe
372 2293 473 2354 Rheni
489 2294 622 2355 domitor
636 2302 669 2355 et
682 2312 795 2375 parens
810 2294 910 2372 orbis,

129 2375 246 2435 Pudice
260 2378 423 2456 princeps,
445 2381 558 2456 gratias
573 2386 667 2458 agunt
680 2379 792 2452 urbes;

130 2459 265 2539 Populos
280 2461 453 2521 habebunt:
474 2482 586 2543 parere
599 2465 658 2523 iarn
674 2460 776 2523 scelus
791 2481 852 2521 non
867 2466 924 2520 est.

129 2542 198 2602 Non
213 2563 291 2623 puer
305 2547 386 2606 avari
401 2553 503 2607 sectus
518 2553 585 2608 arte
600 2547 758 2626 mangonis
807 2549 810 2552 ’

57 2634 59 2638 ’
107 2625 301 2688 5Virilitatis
317 2628 426 2690 damna
439 2639 558 2692 maeret
574 2637 718 2712 ereptae,

129 2711 195 2769 Nec
210 2731 300 2789 quarn
314 2714 464 2793 superbus
480 2722 636 2796 computet
650 2717 764 2794 stipem
777 2710 869 2790 leno,

129 2792 189 2852 Dat
203 2796 371 2872 prostituto
387 2800 500 2857 misera
513 2806 612 2860 mater
625 2799 746 2859 infanti.

130 2877 190 2950 Qui
204 2894 263 2935 nec
277 2878 370 2938 cubili
381 2880 485 2941 fuerat
504 2889 574 2944 ante
590 2889 623 2944 te
639 2881 791 2962 quondam

128 2959 251 3037 Pudor,
274 2978 343 3021 esse
357 2969 461 3041 perte
475 2968 578 3046 coepit
593 2973 626 3027 et
638 2965 789 3046 lupanari.

531 3089 587 3151 Vll

131 3182 245 3244 Dicere
261 3183 300 3243 de
314 3183 441 3263 Libycis
454 3185 563 3245 reduci
576 3189 634 3246 tibi
650 3185 809 3269 gentibus,
832 3187 928 3265 Afer,

171 3267 333 3328 Continuis
348 3267 431 3328 volui
446 3269 581 3348 quinque
597 3270 706 3332 diebus
720 3272 795 3334 Ave.

127 3349 196 3411 Non
210 3359 312 3431 vacat,
339 3358 392 3412 aut
410 3350 540 3434 dormit,
560 3354 739 3415 dictumest
758 3356 806 3415 bis
820 3360 932 3433 terque
946 3369 1087 3412 reverso.

167 3433 229 3494 lam
243 3438 317 3496 satis
333 3442 398 3516 est,
417 3437 510 3498 Afer:
532 3458 595 3499 non
611 3440 656 3499 vis
672 3456 777 3499 avere:
798 3436 875 3498 vale.
