2370 3840
100 159 164 225 136
423 160 467 221 M.
485 159 577 222 VAL.
594 158 819 221 MARTIALIS

556 359 692 426 XXXIX.

184 480 280 539 Pater
296 497 333 539 ex
347 475 500 559 Marulla,
524 478 638 560 Cinna,
659 481 759 542 factus
775 500 809 542 es
826 490 945 564 septem
962 467 967 475 ’

185 563 254 623 Non
266 561 449 623 liberorum:
471 583 601 642 namque
617 584 676 626 nec
690 570 759 625 tuus
774 567 948 648 quisquam,

185 647 251 708 Nec
265 653 313 707 est
327 648 416 707 amici
429 647 548 708 filiusve
563 651 671 728 vicini,

187 730 250 790 Sed
264 733 297 791 iu
311 733 445 811 grabatis
460 735 677 812 tegetibusque
695 737 838 816 concepti

163 815 328 878 5Materna
341 815 477 896 produnt
491 818 640 896 capitibus
656 818 718 877 suis
733 818 823 878 furta.

184 899 260 979 Hic,
283 901 335 979 qui
349 905 469 959 retorto
486 901 571 961 crine
587 902 713 961 Maurus
727 901 860 980 incedit,

186 980 332 1044 Subolem
346 983 463 1043 fatetur
477 1001 546 1044 csse
561 1005 595 1045 se
610 986 676 1045 coci
692 985 831 1048 Santrae.

185 1069 228 1128 Aa
241 1065 297 1127 ille
312 1069 387 1128 sima
400 1085 493 1145 nare,
515 1067 646 1148 turgidis
660 1067 774 1148 labris,

185 1152 254 1230 ipsa
268 1158 317 1212 est
330 1153 428 1230 imago
444 1151 604 1232 Pannychi
616 1150 826 1233 palaestritae.

143 1236 316 1299 10Pistoris
331 1253 399 1297 csse
414 1237 542 1297 tertium
559 1238 627 1316 quis
642 1237 782 1316 ignorat,

187 1319 368 1401 Quicunque
381 1317 499 1400 lippum
513 1323 599 1382 novit
613 1327 645 1381 et
660 1320 745 1381 videt
759 1319 905 1381 Damam?

187 1405 320 1479 Quartus
335 1401 462 1464 cinaeda
476 1405 598 1484 fronte,
621 1404 750 1465 candido
766 1402 866 1483 voltu,

184 1487 232 1548 Ex
247 1489 416 1548 concubino
431 1496 520 1548 natus
535 1496 584 1549 est
597 1491 655 1550 tibi
668 1489 791 1569 Lygdo:

185 1570 319 1630 Percide
335 1572 359 1630 si
375 1571 438 1648 vis,
459 1569 571 1631 lilium:
594 1573 681 1633 nefas
695 1593 757 1632 non
773 1577 830 1633 est.

144 1664 177 1715 15
185 1654 276 1714 Hunc
290 1672 364 1715 vero
380 1660 468 1713 acuto
484 1658 585 1735 capite
603 1662 636 1715 et
650 1657 773 1716 auribus
788 1655 908 1733 longis,

186 1737 270 1814 Quae
286 1739 331 1797 sic
345 1742 522 1816 moventur,
546 1745 579 1798 ut
594 1737 698 1798 solent
714 1737 894 1815 asellorum,

187 1821 262 1898 Quis
277 1822 424 1881 morionis
438 1819 536 1881 filium
549 1828 642 1900 negat
658 1822 794 1901 Cyrtae?

185 1906 271 1965 Duae
286 1924 426 1982 sorores,
448 1904 500 1964 illa
515 1908 601 1986 nigra
616 1907 738 1966 ethaeo
752 1905 838 1984 rufa,

188 1990 276 2050 Croti
292 1987 456 2051 choraulae
469 1989 614 2070 vilicique
630 1996 700 2051 suut
715 1991 818 2071 Carpi.

142 2074 307 2154 bolamqua
322 2071 512 2135 hibridarum
528 2094 603 2156 grex
616 2077 674 2136 tibi
688 2075 772 2136 foret
787 2071 915 2156 plenus,

188 2158 221 2218 Si
235 2158 329 2239 spado
346 2160 481 2220 Coresus
498 2159 731 2242 Dindymusque
744 2179 806 2221 non
822 2165 915 2220 esset.

590 2323 655 2384 XL.

187 2437 316 2498 Femina
329 2441 483 2518 praeferri
499 2441 601 2519 potuit
615 2440 671 2499 tibi
686 2437 788 2517 nulla,
809 2437 938 2516 Lycoris

229 2521 388 2582 Praeferri
404 2523 556 2602 Glycerae
570 2523 685 2582 femina
698 2521 784 2582 nulla
797 2527 909 2602 potest.

187 2605 274 2665 Haec
289 2607 350 2666 erit
360 2609 420 2668 hoc
432 2605 514 2687 quod
529 2612 577 2666 tu:
592 2611 627 2665 tu
641 2625 702 2665 non
716 2612 806 2685 potes
819 2623 887 2666 esse
901 2603 983 2684 quod
992 2603 1068 2665 hacc
1085 2610 1142 2666 est

230 2688 386 2770 Tempora
401 2689 475 2770 quid
490 2689 621 2750 iaciunt!
643 2689 722 2750 hanc
736 2687 823 2767 volo,
845 2695 877 2750 te
889 2687 982 2754 volui.

590 2851 668 2912 XLI.

188 2967 247 3045 Qui
260 2966 374 3026 recitat
388 2963 459 3026 lana
472 2966 577 3028 fauces
594 2974 626 3029 et
641 2965 723 3028 colla
736 2968 910 3049 revinctus,

229 3050 290 3110 Hic
305 3067 338 3110 se
352 3067 444 3129 posse
458 3050 560 3130 loqui,
582 3070 674 3131 posse
690 3058 795 3113 tacere
809 3055 910 3134 nogat.

180 3182 198 3258 l
577 3214 666 3276 xuu.

185 3324 310 3385 Etrusci
325 3324 384 3385 uisi
397 3322 561 3385 thermulis
575 3324 702 3405 lavaris,

187 3405 294 3469 lllotus
308 3409 469 3488 morieris,
492 3409 640 3491 0pplaue.
