2370 3840
348 192 688 254 EPIGRAMMATON
702 192 776 254 LIII.
793 192 815 254 l.
1061 188 1106 255 19

121 340 214 401 5Non
227 345 358 420 possunt
371 339 438 398 sine
451 337 588 398 mentula
603 337 739 419 placere.
837 412 841 419 Ι

143 421 225 500 Quid
239 424 266 482 si
279 441 330 482 me
342 423 449 482 iubeas
464 421 661 482 talassionem

143 507 258 570 Verbis
271 505 378 567 dicere
392 526 454 566 non
469 504 667 566 talassionis‘l

142 591 219 669 Quis
233 588 372 650 Floralia
387 592 481 651 vestit
496 598 529 650 et
542 588 688 650 stolatum

142 675 301 735 Per'mlttit
315 675 533 735 meretricibus
547 671 724 754 pudorem?

100 760 207 822 10Lex
219 758 297 818 haec
312 759 497 820 carminibus
512 755 583 817 <lats
597 763 646 817 est
661 758 791 837 iocosis,

142 843 190 903 Ne
205 843 342 923 possint,
364 843 423 902 nisi
438 842 598 923 pruriant,
618 843 733 902 iuvare.

143 929 247 1004 Quare
262 924 405 1006 deposita
422 926 590 987 severitate

142 1012 256 1071 Parcas
268 1009 388 1070 lusibus
404 1016 436 1070 et
449 1011 527 1069 iocis
543 1027 701 1087 rogamus,

141 1095 207 1155 Nec
223 1100 360 1155 castrare
377 1092 454 1154 velis
468 1112 554 1154 meos
567 1091 701 1154 libellos.

100 1190 134 1243 15
143 1177 232 1241 Gallo
246 1181 367 1259 turpius
382 1183 431 1238 est
444 1176 523 1237 nihil
538 1178 661 1257 Priapo.

514 1326 653 1388 XXXVI.

145 1455 196 1534 Si,
219 1455 360 1533 Lucane,
381 1455 438 1515 tibi
452 1452 504 1514 vel
518 1454 544 1513 si
558 1456 633 1533 tibi,
656 1453 770 1534 Tulle,
792 1454 946 1516 darentur·

187 1537 296 1615 Qualia
311 1536 428 1599 Ledaei
442 1539 506 1599 lato
519 1538 658 1600 Lacones
672 1541 806 1618 habent,

144 1621 265 1684 Nobilis
278 1624 356 1684 haec
371 1628 456 1683 esset
469 1623 595 1704 pietatis
609 1625 675 1684 rixa
690 1623 826 1702 dnobus,

187 1705 277 1785 Quod
290 1727 348 1788 pro
365 1707 465 1767 fratre
479 1708 558 1767 mori
572 1706 669 1768 vellet
681 1716 814 1788 uterque
829 1708 933 1788 prlor·‚

123 1791 277 1854 olliceret
290 1792 428 1851 infernas
443 1792 541 1870 etqui
556 1794 642 1871 prior
659 1795 737 1854 isset
752 1791 790 1853 ad
803 1793 942 1852 umbras:

187 1876 287 1954 „Vive
301 1882 373 1954 tuo,
394 1875 508 1954 frater,
527 1882 684 1958 tempore,
707 1879 774 1938 vive
789 1876 890 1939 meo.“
1056 1873 1060 1878 ’

511 2024 662 2088 XXXVII.

151 2137 282 2201 Ventris
298 2154 374 2196 onus
388 2136 518 2214 misero,
539 2155 598 2197 nec
610 2143 644 2197 te
658 2137 773 2219 pudet,
795 2138 911 2218 excipis
927 2153 1021 2213 auro,

189 2222 299 2297 Base,
320 2220 401 2280 bibis
415 2221 511 2280 vitro:
534 2222 633 2281 carius
648 2240 723 2301 ergo
739 2241 834 2282 cacas.

507 2367 670 2432 XXXVIII.

148 2495 246 2572 Quem
261 2495 375 2556 recitas
387 2512 472 2555 meus
489 2499 554 2573 est,
571 2515 589 2555 o
603 2494 786 2574 Fidentine,
807 2493 952 2557 libellus:

190 2577 254 2640 Sed
269 2576 350 2639 male
365 2598 433 2638 cnm
449 2580 579 2656 recitas,
600 2580 710 2661 incipit
725 2598 793 2640 esse
808 2587 887 2641 tuns.

43 2768 81 2865 Ns
515 2722 652 2789 XXXIX.
685 2792 687 2796 ,

147 2841 182 2902 si
197 2843 266 2920 quis
280 2844 342 2903 erit
356 2862 443 2903 raros
460 2842 543 2901 inter
558 2840 764 2902 numerandus
779 2842 907 2920 amicos,

190 2923 304 3003 Quales
319 2927 421 3007 prisca
436 2923 515 2984 fides
529 2925 670 3004 famaque
685 2926 875 3005 novitianus,

145 3009 180 3070 Si
195 3011 264 3089 quis
277 3009 446 3091 Cecropiae
460 3006 598 3068 madidus
612 3008 779 3088 Latiaeque
791 3011 951 3071 Minervae

189 3095 317 3154 Artibus
331 3099 365 3154 et
377 3111 451 3153 vera
464 3089 661 3173 simplicitate
677 3095 792 3170 bonus,
827 3110 831 3119 ’

129 3177 188 3240 §Si
204 3180 272 3258 quis
288 3178 350 3237 erit
364 3178 445 3237 recti
459 3181 577 3253 custos,
599 3177 727 3237 mirator
744 3177 868 3236 honesti

189 3264 231 3322 Et
241 3259 326 3322 'nibil
340 3280 449 3321 arcano
465 3261 517 3339 qui
531 3264 621 3337 roget
639 3278 694 3319 ore
709 3257 802 3336 deos,

149 3346 184 3407 Si
200 3347 267 3425 quis
283 3347 344 3406 erit
358 3362 484 3423 magnae
500 3344 645 3404 subnixus
660 3345 775 3403 robore
789 3342 919 3403 mentiar

178 3431 386 3510 ,Dispeream,
411 3431 437 3490 si
451 3447 514 3488 non
527 3428 579 3487 hic
592 3427 745 3487 Decianus
760 3425 831 3486 erit.
856 3504 904 3546 Μ

865 3546 887 3567 .-
