2370 3840
105 202 168 268 ³⁵6
384 198 510 261 INDEX
523 196 878 265 EPIGRAMMATON.

104 357 173 407 llaec
185 354 249 405 mihi
267 367 331 415 quae
351 352 440 402 colitur
457 350 532 401 violis
550 350 648 416 pictura
661 349 778 413 rosisque
796 385 995 406 ......
1075 356 1104 420 x,

104 427 173 475 llaeo
187 437 252 486 quae
265 421 377 471 dilflcilis
395 428 479 486 turget
493 420 619 485 paganica
635 418 725 484 pluma
760 454 993 476 .......
1037 426 1101 488 xlv,

105 495 172 542 Haeo
187 506 252 554 qnae
268 490 367 542 Picenis
385 488 452 540 ven'it
468 489 591 539 subducta
608 489 713 555 trapetis
727 522 994 545 ........
1036 495 1100 558 xm,

103 562 172 610 Haeo
187 575 252 622 quae
267 558 370 624 pulvere
385 559 509 623 dissipata
520 557 600 606 multo
626 592 632 607 .
661 593 667 607 .
693 592 700 606 .
727 593 734 606 .
760 593 767 606 .
795 592 802 606 .
831 593 838 607 .
866 593 874 607 .
905 595 914 611 .
945 598 953 612 .
986 599 994 614 .
1083 566 1100 626 Ι,

104 631 171 679 llaec
187 643 252 692 quae
267 643 345 693 saepe
360 627 424 678 solet
438 629 519 691 vinci,
536 641 601 689 quae
614 627 714 677 vincere
727 641 784 677 raro
798 661 993 683 ......
1019 633 1086 695 xlv,
1101 640 1105 686 ς

104 699 172 747 Haec
187 713 253 761 quae
268 706 322 748 tota
336 704 406 762 patet
420 697 563 760 tegiturque
581 702 606 744 et
622 710 747 745 marmore
764 703 790 746 et
806 708 871 747 auro
905 733 914 749 .
944 736 952 750 .
985 738 993 752 .
1059 703 1101 765 lx,

103 767 171 816 llaec
186 769 251 831 rapit
265 767 355 817 Antaei
370 764 445 814 velox
460 766 486 813 in
501 765 604 829 pulvere
620 765 729 814 draucus
764 799 993 822 .......
1035 772 1101 833 xlv,

104 837 173 886 llaec
188 837 298 885 servavit
310 836 364 885 avis
377 835 484 898 Tarpeia
496 832 591 897 templa
607 834 726 883 Tonantis
766 870 773 883 .
799 869 806 882 .
834 870 840 883 .
869 868 877 884 .
904 872 912 885 .
944 875 952 888 .
984 877 991 890 ,
1044 841 1104 904 xm,

104 906 171 955 llaec
187 912 245 953 sunt
264 904 307 953 illa
325 905 374 953 mci
391 917 456 965 quae
475 902 578 951 cernitis
597 917 640 951 ora
658 900 761 952 Camoni
799 937 992 959 ......
1061 911 1102 971 lx,

104 976 172 1024 llaec
187 975 234 1022 tibi
251 971 357 1022 brumali
372 971 509 1037 gaudentia
527 970 623 1035 frigore
640 985 702 1035 rapa
728 1006 735 1020 .
762 1006 769 1020 .
796 1006 803 1020 .
829 1005 836 1020 .
866 1006 873 1020 .
904 1009 912 1023 .
944 1011 951 1025 .
983 1014 991 1027 ,
1036 979 1101 1040 xm,

105 1044 173 1093 Haec
187 1043 234 1093 tibi
253 1049 325 1091 erunt
342 1047 440 1089 armata
455 1054 501 1089 suo
518 1038 664 1104 graphiaria
683 1040 748 1090 lerro
762 1075 991 1096 .......
1033 1049 1103 1110 xlv,

104 1111 171 1162 Haeo
188 1111 233 1161 tibi
249 1109 393 1174 Memphitis
410 1106 485 1157 tellus
503 1109 546 1156 dat
560 1121 676 1161 munera:
697 1110 761 1158 victa
777 1117 816 1157 est
829 1143 990 1165 .....

104 1182 173 1231 Haec
189 1180 235 1229 tibi
254 1177 387 1243 multiplici
400 1192 464 1240 quae
477 1183 574 1226 structa
591 1184 629 1226 est
645 1191 730 1227 massa
743 1176 837 1226 tabella
868 1213 874 1226 .
902 1214 910 1228 .
942 1217 950 1232 ,

105 1250 174 1299 Ha'eo
192 1249 251 1308 tibi,
270 1248 399 1306 nonalia,
418 1247 505 1296 estad
523 1260 610 1295 cenam
629 1260 706 1295 causa
723 1246 831 1297 vocandi
867 1281 874 1295 .
901 1283 909 1296 .
942 1287 950 1301 ,
981 1288 989 1304 ,

105 1319 175 1369 Haec
191 1318 250 1378 tibi,
269 1317 396 1367 Palladiae
410 1329 456 1365 sen
471 1314 579 1365 collibus
597 1316 676 1364 uteris
691 1314 770 1365 Albae
800 1351 806 1364 .
833 1349 840 1363 .
867 1349 874 1363 .
902 1351 909 1364 .
941 1356 949 1369 .
980 1357 990 1372 ,

106 1389 174 1437 llaec
191 1389 237 1437 tibi
255 1401 300 1452 pro
319 1393 378 1435 nato
394 1384 468 1450 plena
486 1385 531 1434 dat
545 1385 627 1433 laetus
646 1398 732 1435 acerra
767 1418 774 1432 .
802 1419 809 1433 .
834 1417 841 1432 .
867 1419 874 1433 .
900 1420 908 1433 .
941 1424 949 1438 .
981 1427 988 1440 ,

105 1457 173 1506 llaec
190 1457 236 1505 tibi
254 1469 318 1518 quae
334 1454 416 1503 iontes
433 1461 457 1502 et
474 1468 596 1516 aquarum
615 1453 716 1504 uomina
732 1451 793 1502 dicit
831 1487 838 1500 .
866 1487 873 1502 .
901 1489 908 1502 .
941 1493 948 1506 ,
980 1497 987 1510 ,

105 1526 175 1575 llaec
189 1525 235 1573 tibi
251 1538 316 1586 quae
334 1529 400 1571 torta
415 1530 535 1571 venerunt
553 1522 655 1572 condita
672 1527 738 1571 meta
761 1555 986 1578 .......

105 1594 173 1643 llaec
186 1593 233 1641 tibi
249 1600 317 1642 sorte
334 1591 407 1640 datur
419 1593 550 1655 tergendis
566 1592 676 1657 spongia
690 1591 803 1640 mensis.
829 1625 836 1638 .
864 1625 871 1638 .
900 1626 907 1640 .
940 1631 948 1644 .
979 1634 986 1647 ,

104 1662 172 1710 Haec
186 1661 232 1709 tibi
249 1660 347 1709 turbato
367 1656 494 1708 Canusina
510 1659 639 1708 simillima
656 1660 739 1709 mulso
766 1693 773 1708 .
797 1693 804 1708 .
829 1691 837 1707 .
864 1693 872 1707 .
900 1695 906 1708 .
939 1700 947 1713 .
978 1703 985 1716 ,

105 1729 219 1779 Haedina
234 1729 280 1779 tibi
299 1727 365 1792 pelle
384 1730 527 1791 contegenti
559 1761 985 1784 .............

105 1799 175 1848 llano
191 1798 238 1847 tibi
258 1796 384 1846 Cumanae
402 1796 568 1846 rubicundam
583 1796 686 1860 pulvere
704 1804 806 1846 testae.
832 1831 839 1844 .
866 1831 872 1844 .
900 1833 906 1845 .
938 1837 945 1850 .
977 1840 984 1854 ,

105 1867 174 1918 Hanc
187 1867 248 1927 tibi,
263 1865 354 1915 Fronto
366 1873 452 1929 pater,
468 1865 582 1930 genetrix
593 1863 724 1927 Flaccilla,
743 1864 871 1930 puellam.
899 1901 906 1914 .
937 1906 944 1918 .

104 1936 174 1987 llano
191 1936 238 1987 tibi
256 1932 413 1999 Sequanicae
429 1935 550 1999 pinguem
568 1933 682 1984 textricis
701 1935 829 1984 alumnam
864 1968 872 1983 .
899 1970 906 1984 .
937 1975 944 1989 .
977 1977 983 1991 ,

105 2007 175 2057 Hanc
190 2005 264 2066 volo,
282 2019 347 2067 quae
362 2003 461 2064 facilis,
482 2019 546 2066 quae
564 2002 696 2068 palliolata
714 2010 838 2069 vagatur.
863 2039 869 2052 .
899 2040 906 2052 .
937 2044 944 2057 ,
976 2046 984 2060 ,

104 2075 155 2125 Has
174 2090 231 2126 cum
249 2074 351 2139 gemina
367 2072 489 2138 compede
508 2075 609 2123 dedicat
627 2079 728 2123 catenas
762 2107 769 2122 .
798 2108 804 2121 .
831 2108 837 2121 .
866 2107 872 2120 .
899 2109 905 2122 .
936 2113 943 2126 .
976 2115 983 2129 ,

104 2143 244 2194 Herbarum
261 2142 345 2191 lucras
364 2144 482 2203 indutus,
498 2142 592 2208 Basse,
611 2142 710 2192 colores
734 2176 982 2197 ........

104 2212 217 2261 Herculis
231 2212 257 2260 in
274 2212 360 2276 magni
372 2212 455 2262 voltus
472 2212 626 2261 descendere
642 2209 735 2260 Caesar
767 2245 981 2266 .......

104 2280 228 2331 Heredem
243 2294 300 2329 cum
315 2294 355 2329 me
370 2281 450 2344 partis
466 2280 524 2339 tibi,
542 2279 658 2340 Garrire,
678 2287 780 2342 quartae
794 2313 980 2334 ......

105 2349 228 2398 Heredem
243 2348 335 2398 Fabius
351 2349 491 2398 Labienum
508 2365 540 2399 ex
558 2363 615 2398 asse
627 2349 729 2411 reliquit
757 2383 980 2403 .......

105 2418 228 2469 Heredem
245 2419 291 2467 tibi
310 2432 365 2477 mc,
385 2417 495 2478 Catulle,
511 2418 576 2467 dicis
597 2452 979 2472 ............

105 2487 228 2546 Heredes,
245 2487 322 2537 nolite
340 2487 441 2536 brevem
455 2487 564 2603 sepelire
582 2488 700 2536 colonum
723 2521 978 2540 ........

105 2556 209 2605 Hermes
229 2557 319 2605 Martia
336 2555 430 2605 saeculi
446 2571 477 2605 vo
489 2562 564 2619 uptas
596 2590 977 2609 ............

104 2623 275 2687 Hermogenes
292 2632 376 2674 tantus
394 2638 554 2689 mapparum,
571 2622 715 2686 †Ponticc,
731 2623 772 2673 lor
789 2631 828 2673 est
862 2659 869 2672 .
897 2659 904 2672 .
932 2661 939 2675 .
970 2665 977 2678 .

104 2692 226 2742 Hesterna
244 2692 338 2743 lactum
356 2700 483 2753 narratur,
501 2695 635 2752 Postume,
654 2707 716 2742 cena
726 2727 976 2746 ........

104 2761 228 2812 Hesterna
246 2762 292 2809 tibi
308 2771 380 2812 nocte
396 2763 541 2812 dixeramus
555 2795 975 2814 .............

104 2830 226 2879 Hesterno
242 2829 320 2878 fetere
337 2846 407 2881 mero
423 2833 466 2894 qui
481 2832 560 2882 credit
578 2832 697 2880 Acerram
726 2864 975 2883 ........

104 2897 280 2961 „Hexametris
294 2899 452 2965 epigramma
464 2901 545 2950 lacis“
560 2901 614 2951 scio
633 2899 718 2950 dicere
729 2901 839 2949 Tuccam
862 2933 869 2948 .
897 2933 904 2948 .
931 2937 938 2950 .
967 2937 974 2951 .

104 2971 215 3020 Hiberna
228 2968 343 3030 quamvis
359 2969 447 3018 Arctos
460 2977 485 3019 et
501 2969 572 3019 rudis
586 2969 666 3018 Pence
693 3003 974 3020 .........

104 3039 228 3089 Hibernos
244 3042 359 3102 peterent
374 3036 448 3087 solito
467 3053 523 3088 cum
541 3053 611 3088 more
623 3051 741 3088 recessus
761 3073 973 3088 .......
1056 3043 1092 3103 V,

103 3108 151 3157 Hic
166 3107 253 3158 brevis
267 3105 301 3154 ad
319 3120 435 3156 numeros
448 3107 563 3172 rapidum
580 3108 624 3171 qui
641 3106 741 3173 colligit
755 3120 867 3174 unguem
896 3141 903 3154 .
932 3143 939 3157 .
967 3143 974 3156 .
998 3108 1074 3171 XlV,
1096 3111 1101 3160 ἶ

104 3177 150 3226 Hio
162 3184 216 3226 erat
230 3175 273 3225 ille
289 3182 332 3224 tuo
350 3175 475 3236 domitus,
492 3175 638 3242 cyparisse,
656 3175 784 3241 capistro?
826 3209 975 3228 .....
1018 3178 1092 3241 XllI,

105 3246 151 3294 Hic
167 3245 230 3305 erit,
248 3252 276 3294 ut
289 3242 422 3309 perhibent
437 3246 567 3295 doctorum
582 3245 657 3295 corda
671 3245 784 3295 virorum
794 3279 974 3296 ......
998 3245 1073 3310 XIV,
1097 3248 1101 3298 i

104 3315 150 3364 Hic
164 3320 202 3363 est
215 3314 358 3379 pampineis
375 3314 463 3363 viridis
481 3314 557 3363 modo
572 3315 681 3364 Vesvius
697 3314 795 3364 umbris
827 3348 973 3364 .....
1047 3318 1094 3378 lv,

104 3384 151 3433 llic
166 3388 205 3434 est
222 3397 298 3446 quem
312 3383 378 3449 legis
397 3381 454 3444 ille,
476 3396 550 3445 quem
567 3383 676 3445 requiris
698 3417 975 3433 .........

11 3516 14 3521 Ι
101 3451 148 3502 llic
164 3451 285 3503 testinata
303 3452 439 3520 requiescit
457 3451 562 3502 Erotion
577 3451 668 3501 umbra
698 3485 974 3502 .........
1055 3454 1093 3517 x,
