2370 3840
443 568 801 668 llllllllt.

549 765 685 774 -—...-..

166 851 242 950 Post
258 892 349 952 editos
368 894 479 952 Grimaa
496 912 570 952 anuo
589 894 808 969 quadragesimo
825 897 912 952 altero
929 897 1065 957 Martialis
1082 903 1141 974 epi·

95 982 274 1048 grammaton
284 979 371 1036 libros
383 984 482 1036 nactus
494 997 556 1037 sum
567 981 672 1052 aliquot
683 981 850 1052 scriptorum
862 980 992 1039 codicum
1004 984 1140 1056 subsidia,

95 1059 132 1115 de
145 1061 247 1133 quibus
260 1061 394 1135 deinceps
407 1062 509 1120 dicam.

158 1146 283 1202 Primum
309 1153 470 1204 accuratam
498 1149 674 1204 collationem
701 1147 808 1205 codIcis
829 1148 1052 1222 Edinburgensis
1076 1152 1141 1222 (Ε),

94 1246 182 1302 quam
195 1230 224 1284 in
237 1231 448 1304 Prolegomenis
460 1249 489 1305 p.
501 1232 614 1287 LXXXI
629 1232 812 1288 vehementer
826 1232 1040 1303 desiderabam,
1059 1236 1142 1292 inter-

94 1330 181 1370 cessu
192 1315 337 1371 Welclreri
349 1317 446 1389 accepi
458 1333 475 1371 a
487 1315 558 1373 (last.
569 1315 734 1385 Homiltonq
749 1317 911 1387 professore
923 1316 1142 1392 Edinburgensi,

96 1399 143 1471 qui
154 1398 200 1454 vir
211 1397 434 1456 humanissimus
448 1401 598 1456 maximam
608 1405 717 1473 partem
728 1400 791 1472 ipse
803 1401 931 1470 contulit,
950 1403 1060 1473 reliqua
1077 1421 1143 1460 con·

94 1481 214 1537 serenda
225 1481 352 1540 studioso
364 1483 477 1541 cuidam
489 1484 584 1541 iuveni
596 1484 749 1554 commisit,
769 1486 816 1557 qui
834 1489 862 1541 et
878 1486 939 1558 ipse
957 1502 1073 1543 munere
1090 1505 1141 1545 suo

94 1567 165 1622 satis
176 1571 252 1622 recte
267 1567 377 1625 iunctus
389 1574 442 1626 est.
472 1569 533 1640 Ego
552 1585 625 1625 nunc
644 1567 720 1640 quod
738 1571 804 1624 olim
820 1572 896 1626 tenui
909 1571 1063 1642 specimine
1079 1575 1141 1628 sub·

93 1652 179 1706 nixus
192 1650 228 1706 da
239 1651 341 1707 virtute
353 1653 414 1710 libri
426 1653 583 1724 perantiqui
595 1653 722 1711 divinavi
739 1655 831 1726 magis
844 1671 927 1726 quam
940 1653 1140 1724 demonstravi,

93 1750 214 1806 prorsus
226 1735 420 1793 confirmatum
431 1738 553 1808 repperi.
584 1738 693 1793 Etenim
711 1736 803 1794 codex
815 1738 852 1795 ad
863 1739 997 1795 familiam
1008 1741 1140 1797 librorum

94 1817 130 1874 Οὃ
149 1819 188 1874 ita
208 1820 341 1889 pertinet,
359 1825 389 1876 ut
404 1822 664 1892 praestantissimos
685 1823 806 1879 familiae
822 1838 891 1879 suae
909 1827 994 1878 testes
1014 1822 1140 1878 XABGV

92 1904 261 1974 plerumque
278 1910 392 1976 aequet,
410 1904 550 1962 interdum
568 1911 695 1977 superet:
714 1906 789 1962 idern
807 1912 883 1964 caret
895 1907 1024 1963 omnibus
1036 1907 1071 1962 iis
1084 1906 1144 1978 qui-

94 1988 148 2042 bus
160 1987 284 2058 reliquos
297 1989 383 2046 libros
401 1990 529 2047 eiusdem
546 1991 663 2061 originis
677 1991 809 2063 Prolegg.
820 2007 851 2063 p.
864 1989 975 2046 CXVllI
987 2006 1030 2062 sq.
1043 2006 1142 2046 carere

95 2070 167 2125 dixi.
203 2071 237 2127 Hi
249 2078 341 2127 autem
352 2073 414 2128 libri
425 2080 453 2128 et
466 2074 550 2145 pauci
563 2075 610 2128 alii
623 2090 686 2128 curn
698 2090 734 2128 ex
750 2091 806 2129 uno
824 2072 981 2143 eodemque
1000 2074 1099 2129 codice
1117 2078 1144 2129 et

95 2170 132 2208 eo
147 2169 223 2210 saec.
237 2154 276 2210 IX
289 2157 442 2213 vetustiore
454 2173 471 2212 a
481 2158 602 2213 librariis
614 2157 716 2227 partim
726 2156 957 2227 fidelius,partim
969 2156 1062 2213 minus
1073 2156 1144 2213 iide-

94 2238 160 2293 liter
176 2238 249 2294 ducti
262 2241 331 2308 sint,
352 2243 492 2313 sequitur,
508 2246 539 2296 ut
550 2257 586 2297 ex
600 2240 755 2296 coniunctis
770 2255 867 2296 eorum
880 2238 1049 2310 testimoniis
1061 2257 1145 2313 repa·

94 2325 152 2379 rari
164 2325 321 2381 communis
334 2326 417 2381 iontis
436 2326 572 2396 scriptura
588 2326 688 2396 possit.
724 2325 756 2381 ln
771 2340 875 2396 magna
894 2323 978 2396 igitur
994 2324 1095 2381 horum
1112 2325 1145 2381 li-

93 2409 210 2463 brorum
221 2407 374 2464 concordia
385 2425 449 2465 raro
461 2410 568 2477 evenit,
587 2415 616 2465 ut
626 2426 699 2465 unus
711 2426 748 2465 ex
759 2409 793 2465 iis
805 2411 883 2465 solus
894 2424 995 2464 verum
1010 2425 1145 2465 servave-

94 2491 130 2546 rit
144 2507 181 2546 ex
196 2491 362 2565 archetypo,
375 2493 475 2564 reliqui
486 2509 584 2549 omncs
598 2494 627 2548 in
645 2494 768 2549 deterius
781 2494 855 2564 lapsi
873 2494 938 2549 sint.
978 2491 1144 2565 Quanquam

94 2581 138 2630 est
155 2576 282 2647 proiecto
298 2577 345 2634 ubi
363 2578 451 2633 solius
463 2577 493 2633 Ε
505 2578 596 2633 scriba
607 2578 693 2648 prisci
704 2578 766 2633 libri
779 2577 879 2633 ductus
890 2577 938 2632 vel
949 2582 1096 2632 assecutus
1109 2576 1145 2633 sit

94 2663 172 2715 recte
183 2661 231 2715 vel
247 2675 311 2714 cum
325 2661 462 2733 religione
474 2662 611 2731 pinxerit:
635 2662 750 2732 saepius
768 2662 845 2717 solus
856 2660 903 2716 hic
915 2661 985 2716 liber
997 2660 1036 2716 ad
1045 2662 1145 2717 Putea-

92 2744 141 2799 nei
152 2743 343 2814 Vossianique
362 2745 443 2815 (ΧΑ)
461 2745 620 2800 testimonia
635 2745 722 2800 iidem
740 2745 877 2816 adiungit.
918 2743 1096 2816 Religionem
1113 2745 1145 2801 li-

93 2827 181 2884 brarii
210 2827 315 2899 pariter
340 2834 422 2901 atque
451 2829 647 2900 cognationem
673 2845 736 2885 curn
756 2821 935 2887 xnsscuvtt
960 2830 1022 2884 rell.
1043 2829 1144 2901 paucis

94 2912 235 2983 exemplis
247 2911 405 2969 ostendam.
430 2913 504 2969 Libri
519 2912 612 2980 l‚103,
627 2917 645 2970 4

375 2996 509 3052 liberant
523 2996 623 3068 sacries
639 3002 666 3052 et
685 2996 804 3052 tribuere
821 2996 866 3052 dei

93 3079 217 3150 primum
234 3081 353 3135 verbum
373 3081 401 3134 in
422 3079 575 3151 archetypo
593 3096 650 3135 non
671 3081 739 3136 satis
758 3084 852 3151 aperte
871 3094 1039 3151 expressum
1056 3081 1145 3138 luisse

93 3162 224 3218 videtur:
245 3179 311 3218 nam
325 3163 355 3219 Ε
367 3164 512 3230 Alterum,
530 3164 562 3219 X
572 3162 726 3229 Austrum,
746 3163 797 3219 Aa
804 3162 954 3232 Miserunt,
973 3163 1026 3220 BC
1032 3165 1145 3221 Hause-

93 3250 169 3311 runt,
187 3245 248 3302 DN
261 3244 412 3303 Auxerunt
430 3247 576 3303 dederunt.
612 3254 638 3315 3,
649 3254 693 3316 20,
705 3250 722 3306 7
736 3247 819 3302 Acta
830 3247 897 3303 abiit
914 3249 942 3301 in
952 3246 1035 3302 ΑΒΕ
1043 3247 1143 3314 inAni,

95 3329 130 3385 X
138 3329 199 3391 Am
215 3333 464 3398 10,37‚18maele
480 3332 509 3385 in
523 3330 605 3386 ΧΑΕ
613 3336 700 3386 macte
706 3353 716 3391 ,·
733 3335 758 3394 3,
773 3334 817 3397 93,
833 3333 849 3388 7
862 3329 892 3385 Ε
902 3329 1097 3399 corcodrillus,
1116 3330 1150 3387 X

88 3413 286 3479 'crocodrillcs²
303 3414 563 3480 AOGooooclrillust
581 3418 610 3486 8,
621 3419 649 3486 b,
660 3421 698 3475 lu
705 3413 877 3487 vividiusque
884 3411 1040 3468 masuram
1053 3411 1170 3476 aiam.

83 3495 120 3548 B
127 3496 320 3568 octobrium
327 3515 448 3576 meram,
468 3503 498 3561 in
510 3502 566 3564 XC
576 3503 741 3580 ebibitiaqac
751 3516 884 3567 romum.
900 3487 1175 3575 mmmmm
