2370 3840
340 208 682 271 EPIGRAMMA'ION
696 211 770 271 LlB.
786 212 808 273 1.
1055 212 1096 279 31

502 359 653 423 LXXXV
730 394 733 399 ·

137 470 298 534 Venderet
313 472 451 550 excultos
467 471 563 534 colles
579 493 647 534 cnm
660 493 773 554 praeco
788 475 909 538 facetus

178 553 281 634 Atque
296 544 463 635 suburbani
452 558 665 701 pppcrais
596 555 728 637 pulchra
743 557 819 635 soli,

135 637 270 718 „Errat“
287 642 330 704 ait
343 643 392 721 „si
409 642 477 720 quis
528 660 593 701 arro
608 661 650 722 pn
652 630 697 702 iat
713 660 782 703 csse
797 662 927 706 necesse

177 722 340 786 Vendere·
360 724 405 785 nil
420 724 531 803 debet,
552 726 700 786 fenerat
690 745 782 786 rmmo
798 730 901 808 magis.
904 730 924 766 “

112 816 156 886 5„
162 807 270 885 „Quae
284 809 364 869 ratio
380 815 429 869 est
442 811 555 888 Igitur
543 809 581 850 ‘²“
588 809 609 846 “
630 809 766 887 „Servos
780 812 825 872 ibi
838 812 978 893 perdidit
988 832 1099 876 omnes

176 892 218 953 nt
231 911 327 972 pecus
342 899 375 953 ct
388 892 538 995 fructus,
547 913 610 953 non
625 901 705 954 amat
719 893 793 956 iude
807 895 917 958 locum.
921 898 941 934 “

135 975 210 1053 Quis
224 976 345 1036 faceret
358 978 493 1057 pretium
507 979 568 1038 nisi
583 979 635 1056 qui
651 998 705 1038 sua
719 978 855 1060 perdere
869 979 968 1043 vellet

178 1060 309 1120 Omnia?
338 1059 390 1120 Sic
405 1061 507 1122 Mario
522 1063 631 1121 noxius
646 1063 758 1124 haeret
773 1083 855 1144 ager

488 1194 653 1259 LXXXVI

132 1292 260 1354 Vicinus
275 1311 361 1354 meus
377 1300 425 1354 cst
439 1313 591 1374 manuque
606 1297 691 1374 tangi

133 1376 178 1436 De
193 1378 309 1437 nostris
324 1377 438 1438 Novius
452 1384 557 1459 potest
571 1379 729 1442 fenestris.

133 1460 208 1538 Quis
222 1481 285 1520 non
298 1461 435 1522 inuideat
450 1463 525 1522 mihi
540 1468 691 1543 putetque

132 1545 227 1605 Horis
243 1546 383 1606 omnibus
399 1564 468 1607 esse
484 1565 532 1606 me
548 1549 686 1624 beatum,

111 1629 240 1690 bluncto
256 1630 305 1689 cui
319 1627 415 1691 liceat
428 1631 491 1692 frui
507 1629 637 1691 sodale?

133 1711 211 1772 Tam
224 1710 319 1792 longe
335 1720 384 1773 est
398 1716 474 1775 mihi
489 1734 578 1794 quam
595 1715 821 1792 Terentianus,

131 1795 191 1873 Qui
205 1815 287 1857 nunc
300 1795 448 1860 Niliacam
462 1801 544 1878 regit
560 1799 693 1878 Syenen.

131 1880 201 1940 Non
216 1882 395 1960 convivere,
417 1902 476 1943 nec
491 1883 598 1944 videre
613 1885 729 1961 saltim,

132 1965 201 2024 Non
216 1963 323 2025 audire
337 1963 430 2045 licet,
452 1986 511 2028 nec
525 1969 603 2027 urbe
618 1973 683 2027 tota

91 2059 124 2112 10
131 2048 299 2127 Quisquam
314 2056 363 2110 est
377 2011 439 2112 tard
452 2070 551 2132 prope
566 2057 628 2111 tam
641 2050 812 2131 proculque
828 2055 926 2115 nobis.

131 2131 330 2211 Migrandum
345 2141 394 2194 est
409 2136 484 2195 mihi
497 2136 618 2213 longius
631 2133 683 2194 vel
699 2133 755 2198 illi

129 2216 257 2278 Vicinus
271 2216 368 2277 Novio
383 2219 433 2280 vel
450 2219 618 2298 inquiIInos

132 2300 195 2378 Sit,
217 2302 244 2360 si
259 2302 327 2380 quis
341 2299 470 2364 Novium
482 2302 590 2364 videre
605 2322 668 2362 non
684 2303 756 2365 volt.

479 2438 657 2500 LXXXVII.

131 2533 177 2595 Ne
193 2535 294 2614 gravis
308 2534 458 2595 hesterno
472 2535 609 2615 fragres,
630 2535 819 2615 Fescennia,
833 2538 920 2614 vino,

172 2618 318 2680 Pastillos
334 2620 438 2681 Cosmi
450 2617 606 2680 luxuriosa
619 2639 717 2681 voras.

129 2704 191 2765 Ista
205 2702 309 2765 linunt
324 2702 436 2764 dentes
450 2702 618 2781 iantacula,
641 2702 698 2763 sed
711 2701 791 2764 nihil
806 2706 944 2783 obstant,

172 2789 321 2850 Extremo
337 2796 444 2850 ructus
459 2808 527 2849 cnm
542 2787 626 2848 redit
643 2809 659 2848 a
673 2789 830 2849 barathro.

109 2872 216 2950 5Quid
236 2871 319 2953 quod
333 2872 398 2933 olet
412 2874 532 2952 gravina
547 2874 674 2933 mixtum
688 2872 875 2952 diapasmate
888 2875 973 2933 virus

172 2958 276 3037 Atque
292 2956 407 3038 duplex
422 2959 539 3017 animae
558 2956 679 3035 longios
697 2958 761 3017 exit
775 2957 876 3018 odori

130 3041 225 3102 Notas
241 3060 316 3121 ergo
332 3043 423 3102 nimis
436 3040 563 3102 fraudes
579 3040 794 3121 deprensaque
807 3042 891 3104 furta

171 3125 234 3187 lam
247 3124 339 3188 tollas
354 3132 387 3186 et
401 3127 443 3186 sis
458 3127 545 3186 ebria
559 3125 749 3205 simpliciter.

475 3261 657 3324 LXXXVIII

128 3371 396 3588 Alcimcdpem
397 3382 518 3478 raptum
533 3375 656 3435 domino
673 3373 885 3434 crescentibus
899 3372 990 3432 annia

171 3458 245 3520 Lavi
335 3458 399 3522 levi
416 3461 535 3546 cespite
550 3459 634 3523 velat
647 3460 783 3542 burnus,
