2370 3840
309 183 650 246 nrrommnmron
663 159 737 247 nrt
752 183 819 246 ιιι.
1027 181 1088 249 eoo

131 345 173 404 Et
187 339 290 401 eredit
304 340 354 398 eui
367 335 549 397 Postumilla
563 335 649 397 dives
691 389 693 393 ,

133 429 293 501 Gemmas,
316 440 423 498 aurea,
444 422 531 498 vina,
553 422 757 481 concubinosr

110 511 187 574 osio
202 516 233 568 te
251 512 404 589 perpetua
418 504 480 564 fide
496 505 658 584 probatum

131 593 217 655 Nulli
230 611 292 652 non
306 596 359 651 tua
374 589 533 669 praeferat
546 594 691 668 patrona:

134 679 301 739 Succurras
316 675 447 750 misero,
469 691 598 752 precor,
620 671 721 732 furori

133 764 175 823 Et
188 779 293 822 serves
308 756 471 836 aliquando
487 755 683 834 negligenter

132 845 205 907 lllos
220 846 273 925 qui
286 841 366 902 male
381 861 435 901 cor
449 859 551 901 meum
564 844 731 920 perurunt,

93 941 126 994 10
133 932 215 1008 Quos
231 936 263 988 et
276 928 418 987 noctibus
436 931 469 985 et
486 924 595 985 diebus
610 931 683 1006 opto

133 1015 168 1074 ln
182 1018 289 1072 nostro
306 1009 434 1091 rupidus
449 1010 519 1070 sinu
532 1007 657 1088 videre,

131 1096 313 1174 Formosos,
334 1097 458 1173 niveos,
479 1112 587 1174 pares,
609 1091 779 1173 gemellos,

134 1179 293 1258 Grandes,
315 1199 378 1239 non
393 1197 524 1259 pueros,
547 1177 604 1238 sed
618 1179 757 1238 uniones.

553 1312 588 1372 L.

133 1424 334 1504 Daphnonas,
354 1419 534 1500 platanonas
549 1427 582 1480 et
597 1421 697 1481 aerios
712 1421 854 1501 pityonas

176 1508 218 1567 Flt
234 1523 296 1564 non
313 1506 402 1564 unius
417 1503 529 1564 balnea
544 1504 629 1564 solus
643 1505 758 1582 habes,

133 1592 175 1652 Et
188 1591 247 1650 tibi
262 1588 403 1648 centenis
419 1594 480 1648 stat
497 1591 635 1668 porticus
651 1587 712 1648 alta
730 1587 894 1668 columnis,
939 1614 941 1619 ·

176 1672 380 1751 Calcatusque
396 1678 449 1732 tuo
465 1674 520 1732 sub
534 1671 615 1752 pede
627 1670 715 1732 lueet
730 1692 826 1751 onyx;

132 1754 379 1835 Pulvereumque
395 1757 486 1834 fugax
499 1756 727 1837 hippodromon
741 1755 856 1835 ungula
868 1754 1006 1838 plaudit,

174 1844 217 1903 Et
230 1842 391 1921 pereuntia
407 1860 503 1920 aquae
518 1843 630 1902 fluetus
644 1843 759 1921 ubique
776 1846 874 1902 sonat.

133 1928 221 1987 Atria
234 1924 326 2002 longa
336 1931 461 2005 patent3
482 1923 539 1984 sed
552 1944 610 1985 neo
625 1926 805 1985 cenantibus
821 1944 963 2005 usquam,

174 2009 239 2070 Neo
254 2027 359 2067 somno
372 2007 459 2067 loeus
475 2014 532 2068 est.
562 2010 658 2084 Quam
672 2011 753 2069 bene
767 2027 831 2067 non
843 2009 978 2070 habitas!

518 2121 520 2125 ’
548 2147 598 2209 nr.

133 2261 211 2322 Tam
225 2279 318 2341 saepe
333 2265 473 2320 nostrum
488 2257 591 2338 decipi
604 2257 818 2338 Fabullinum,

135 2345 279 2422 Miraris,
300 2342 404 2404 Aule?
423 2362 547 2425 semper
560 2345 652 2405 homo
668 2345 766 2405 bonus
779 2345 841 2404 tiro
857 2352 914 2407 est.

540 2470 604 2533 Lll.

134 2583 290 2665 Tempora
303 2584 408 2645 Pierio
422 2583 532 2646 solitus
547 2585 696 2645 redimire
711 2602 842 2662 corona,

173 2668 238 2728 Nec
253 2671 352 2729 minus
366 2671 505 2729 attonitis
519 2690 577 2730 vox
592 2669 750 2729 celebrata
768 2668 849 2742 reis,
981 2741 983 2747 Ι

133 2751 194 2810 Hie
211 2754 287 2812 situs
302 2758 366 2831 est,
387 2754 439 2812 hic
452 2751 509 2813 ille
524 2759 610 2829 tuus,
632 2753 828 2832 Sempronia,
849 2751 963 2831 Roma,

177 2836 271 2895 Cuius
286 2842 318 2895 et
332 2837 400 2916 ipse
416 2837 462 2896 tui
476 2837 586 2914 flagrat
600 2855 705 2896 amore
720 2836 806 2896 einis.

112 2916 239 2980 5llulcis
253 2920 287 2978 in
299 2918 407 2998 Elysio
422 2921 559 2980 narraris
573 2918 678 2979 fabula
693 2938 798 2999 eampo

174 3002 216 3062 Et
229 3009 334 3083 stupet
348 3002 387 3063 ad
401 3009 507 3084 raptus
523 3003 680 3083 Tyndaris
693 3003 760 3084 ipso
774 3009 853 3065 tuos.

134 3085 184 3146 Tu
198 3085 325 3165 melior,
349 3106 427 3167 quae
443 3087 568 3148 desorto
583 3094 710 3168 raptore
724 3087 849 3149 redisti:

173 3169 228 3230 llla
242 3172 340 3231 virum
354 3169 452 3231 voluit
466 3191 525 3232 neo
539 3173 674 3252 repetita
688 3174 785 3253 sequi.

130 3253 242 3332 Ridet,
265 3261 298 3315 et
308 3253 418 3315 lliaoos
433 3255 518 3316 audit
530 3254 692 3318 Menelaus
709 3276 844 3317 amores:

90 3346 125 3399 lt)
172 3338 313 3400 Absolvit
327 3340 496 3418 Phrygium
510 3347 613 3401 vestro
627 3343 735 3422 rapina
747 3342 860 3419 Parim.

132 3419 297 3503 decipient
311 3423 385 3486 ollm
400 3442 468 3486 oum
483 3430 516 3485 te
532 3423 602 3485 loea
615 3426 698 3487 laeta
710 3425 850 3506 piorum,
917 3502 919 3507 ι
