2370 3840
295 206 637 268 EPIGRAMMATON
650 206 724 266 LlB.
739 207 791 269 Vl
1000 207 1066 271 12⁹

104 360 168 419 Tot
181 357 375 439 spectacula,
396 365 444 417 tot
461 357 554 435 deos,
578 364 626 417 tot
639 359 750 417 urbes:

79 443 178 504 5Plus
192 443 288 503 debet
301 445 361 502 tibi
374 442 488 520 Rome,
508 439 592 520 quod
607 439 719 521 pudica
732 450 790 503 est.

521 577 560 640 V.

101 688 229 748 Rustica
244 694 398 748 mercstus
412 687 516 749 multis
533 709 599 749 sum
613 689 741 770 praedis
754 688 900 752 uusnmist

146 773 255 832 Mutus
272 772 328 831 des
343 778 484 850 centum,
505 773 699 850 caeciliane,
720 793 806 852 rogo.

103 856 155 916 Nil
168 858 244 916 milui
257 856 454 936 respondes?
480 857 622 918 Tacitum
636 866 669 918 te
683 857 791 919 dicere
805 855 903 920 credo

144 941 236 1020 „Nou
250 938 366 1001 reddes
373 941 407 1000 :“
423 939 510 1019 ideo,
534 942 727 1021 Caeciliano,
749 961 837 1022 rogo.

515 1076 568 1139 Vl.

103 1188 251 1249 Comoedi
267 1194 333 1249 tres
347 1194 436 1265 suut,
457 1188 515 1248 sed
529 1195 610 1247 umet
622 1193 675 1248 tus
687 1187 798 1268 Paulo,
819 1189 980 1269 luperco,

146 1272 314 1349 Quattuor:
338 1279 372 1333 et
385 1263 504 1350 κωφὸν
522 1270 619 1332 Paula
633 1265 815 1348 πρόσωπον
832 1280 921 1334 smst

508 1405 572 1467 Vll.

102 1519 179 1581 lulio
192 1518 245 1581 lex
259 1519 381 1601 populis
396 1538 434 1580 cx
449 1537 529 1596 quo,
550 1517 717 1597 Faustiuc,
737 1527 845 1579 reusts
858 1528 909 1580 cst

146 1608 250 1684 Atque
266 1607 385 1664 intrare
401 1602 509 1663 domos
522 1604 606 1662 iusso
621 1602 775 1663 Pudicitia
789 1610 854 1683 est,
937 1612 941 1618 '

103 1688 166 1748 Aut
184 1692 300 1767 minus,
323 1696 375 1748 sut
388 1695 477 1748 certo
491 1706 554 1746 uon
567 1687 636 1767 plus
653 1689 811 1748 tricesimo
825 1685 880 1750 lux
892 1695 957 1768 est,

145 1774 187 1833 Et
203 1775 292 1834 nubit
305 1773 425 1832 decimo
442 1773 503 1831 ism
517 1769 671 1831 Telesilla
684 1774 760 1835 viro.

81 1857 192 1934 §Quae
207 1859 296 1918 nubit
310 1858 443 1934 totiens,
463 1875 525 1915 uon
538 1857 642 1915 nubit:
664 1855 807 1916 adultero
819 1853 893 1936 logo
908 1863 968 1920 est

147 1941 299 2002 Offendor
312 1942 443 2001 moecho
456 1938 646 2019 simpliciore
660 1941 768 2000 miuus.

501 2071 580 2134 v111.

103 2190 280 2249 Praecoucs
294 2184 373 2262 duo,
396 2187 542 2261 quattuor
557 2182 692 2258 tribuni,

104 2273 232 2351 Septem
246 2267 409 2345 causidici,
431 2265 541 2326 decem
554 2273 667 2345 poetsc

104 2355 270 2416 Cuiusdum
286 2352 376 2412 modo
391 2351 514 2431 nuptias
530 2351 680 2430 petebant

102 2443 130 2499 Α
145 2439 276 2518 quodum
290 2455 375 2497 senc.
404 2436 473 2496 Nou
488 2441 624 2495 mantus
639 2433 696 2494 ille

80 2525 256 2587 §Praeconi
270 2522 360 2582 dedit
372 2519 492 2599 Eulogo
506 2518 652 2600 puellum.

103 2610 176 2687 Dic,
197 2606 346 2686 numquid
361 2606 462 2684 fatue,
484 2605 619 2682 Severe,
639 2601 739 2663 fecitt

516 2740 558 2800 [x

103 2855 137 2914 lu
152 2854 340 2933 Pompeiano
355 2851 488 2932 dormis,
508 2853 661 2928 Laevino,
681 2850 822 2910 thcctro:

143 2940 186 2998 lit
204 2940 363 3017 quereris,
386 2940 414 2997 si
428 2945 460 2998 te
475 2937 605 2997 suscitat
618 2933 782 2994 omnmo

520 3070 559 3131 K

103 3186 204 3245 Psucs
218 3185 319 3245 lovem
336 3202 438 3263 nuper
452 3203 521 3243 cum
536 3181 620 3242 milis
634 3181 718 3241 forte
730 3200 888 3260 rogarem,

145 3268 222 3346 „Ille
237 3269 345 3329 dabit“
360 3267 438 3328 dixit
452 3269 528 3347 „qui
542 3268 617 3328 mihi
632 3265 747 3346 templs
761 3264 882 3325 dedit“

103 3352 235 3432 Templa
252 3353 376 3432 quidem
392 3351 480 3413 dedit
493 3351 549 3413 ille
562 3353 642 3428 lovi,
664 3350 721 3411 sod
736 3349 821 3409 milio
833 3346 923 3407 uobis

103 3435 239 3581 moun·
252 3437 355 3498 dedit:
375 3437 490 3520 pudet,
509 3439 567 3515 ah,
586 3456 685 3517 psucs
697 3451 825 3512 roguse
835 3431 951 3574 gosen.

140 3539 213 3582 ssu.
