2370 3840
349 608 395 682 ll.
417 603 521 680 VAL.
544 603 802 683 MARTIALIS

236 765 891 877 'lllltltlttttlltt

497 975 658 1040 uiouu

561 1179 584 1242 l.

139 1266 282 1376 Barbara
296 1295 488 1381 pyramidum
503 1293 594 1356 sileat
609 1293 756 1356 miracula
770 1295 943 1378 Memphis,

181 1378 328 1461 Assyrius
342 1382 438 1441 iactet
453 1398 511 1440 nec
525 1377 682 1459 Babylona
694 1377 801 1456 labor;

139 1466 205 1529 Nec
220 1466 346 1526 Triviae
362 1463 477 1545 templo
494 1460 606 1524 molles
620 1461 787 1525 laudentur
801 1465 906 1545 louet,

181 1548 362 1611 Dissimulet
376 1548 477 1609 Delou
493 1548 637 1608 cornibus
653 1569 705 1609 ara
718 1549 883 1628 frequeus;

110 1635 222 1698 tAdre
237 1652 295 1694 uec
310 1652 404 1694 vacuo
419 1632 588 1713 pendentia
600 1631 759 1695 Mausolea

181 1717 338 1778 Laudibus
350 1716 521 1778 immodicis
537 1717 633 1778 cares
646 1719 680 1777 iu
694 1723 775 1777 ortra
789 1717 901 1778 ferant.

140 1803 246 1864 Omuir
260 1802 413 1862 Caesareo
427 1800 511 1862 cedit
523 1799 613 1861 labor
626 1802 880 1883 Amphitheatro,

181 1887 283 1948 Unum
294 1905 352 1966 pro
369 1888 486 1946 cunetis
498 1886 577 1946 fama
590 1883 736 1966 loquetur
751 1905 835 1967 opus.

557 2019 592 2079 11.

136 2134 201 2197 ¹llic
213 2137 267 2197 ubi
282 2135 423 2197 sidereus
436 2137 564 2217 propius
578 2135 663 2196 videt
678 2142 759 2196 astru
774 2135 909 2208 colossus

180 2221 222 2281 Et
237 2228 380 2281 crescunt
391 2219 492 2282 media
505 2226 647 2302 pegmata
660 2219 817 2299 celocula,

139 2303 291 2365 Invidiosa
301 2304 363 2365 feri
379 2305 539 2366 radiabant
554 2307 631 2366 atria
648 2306 731 2384 regis

181 2387 311 2468 Unaque
325 2391 385 2448 iam
399 2396 464 2450 tota
476 2390 577 2449 stabat
590 2390 623 2448 iu
638 2391 715 2451 urbe
732 2387 847 2453 domus.

110 2471 200 2532 ollic
213 2473 266 2533 ubi
280 2475 439 2553 conspicui
452 2471 640 2534 venerabilis
654 2473 884 2554 Amphitheatri

180 2556 321 2634 Erigitur
334 2556 455 2636 moles‚'
470 2564 576 2635 stagna
587 2557 720 2618 Neronis
736 2565 833 2622 eraut.

139 2638 199 2699 llic
213 2641 265 2699 ubi
280 2641 426 2701 miramur
437 2639 555 2702 velocia
570 2659 697 2702 mouera
711 2642 864 2722 thermas,

179 2722 361 2785 Abstulerat
375 2725 497 2785 miseris
510 2730 595 2785 tecta
607 2726 757 2806 superbus
769 2745 851 2805 ager.

140 2804 268 2867 Claudia
280 2806 407 2869 diffusas
421 2810 474 2870 ubi
485 2811 624 2890 porticus
639 2806 773 2889 explicat
785 2812 923 2891 umbras,

99 2898 130 2951 10
179 2888 296 2952 Ultima
309 2912 381 2973 pars
394 2892 480 2953 aulae
494 2892 666 2954 deficientia
682 2899 758 2958 erat.

137 2972 271 3035 Reddita
284 2976 381 3036 Roma
394 2978 454 3037 sibi
466 2982 514 3036 est
529 2982 562 3036 et
574 2982 645 3036 suut
656 2983 690 3038 te
702 2977 863 3058 praeside,
886 2976 1016 3060 (laesor,

180 3057 320 3120 Deliciae
331 3058 457 3141 populi,
475 3079 552 3139 quae
563 3060 688 3121 fueraut
703 3060 827 3125 domini.

546 3195 595 3257 lll.

131 3291 223 3384 ¹Quae
237 3315 300 3370 tam
313 3311 449 3391 seposita
465 3316 527 3389 est,
551 3329 629 3390 quae
639 3328 714 3391 gens
726 3318 787 3373 tam
798 3314 944 3395 barbara,
967 3312 1091 3391 (laesor,

88 3473 128 3533 M
179 3393 227 3453 Ex
240 3413 299 3472 qua
313 3399 470 3477 spectator
480 3413 543 3456 uon
555 3397 597 3458 sit
606 3396 642 3458 iu
650 3396 732 3459 urlae
743 3397 821 3460 tuu‘l
889 3481 916 3543 x

125 3492 194 3536 aar.
545 3518 547 3524 -
