2370 3840
295 223 634 286 EPIGRAMMATON
647 225 720 289 ΜΒ,
739 226 802 289 ΧΠ.
1006 228 1067 292 285

523 425 575 487 IX.

116 539 221 602 Polme
235 544 317 622 regit
330 549 471 621 nostros,
492 543 653 604 mitissime
669 541 797 620 Caesar,
819 543 972 623 Hiberon,

156 625 198 686 ut
211 625 331 706 placido
347 627 462 687 fruitur
473 646 533 707 pax
546 626 736 723 peregrim
727 642 807 704 lugo

114 709 197 787 Ergo
214 711 328 789 egimus
344 709 419 770 laeti
432 716 518 771 tauto
534 730 591 790 pro
606 727 734 769 munere
749 715 869 788 grates3

156 793 271 854 Misisti
285 811 387 853 mores
400 794 433 852 iu
448 790 517 853 looa
532 799 637 853 nostra
651 800 729 853 tuos.

532 925 570 985 X.

116 1043 220 1103 Habet
237 1041 401 1102 Africanus
415 1039 553 1120 miliens,
574 1047 677 1101 tamen
692 1048 802 1122 raptat.

113 1125 253 1187 Furtum
266 1123 373 1186 multis
387 1123 441 1187 dat
453 1125 558 1203 ulmis,
579 1127 653 1186 satis
667 1123 756 1189 ualli.

529 1259 579 1318 xl.

113 1375 281 1436 Parthenio
297 1374 363 1454 dio,
384 1374 487 1451 Musa,
507 1378 561 1432 tuo
576 1378 745 1453 nostroque
760 1373 906 1455 solutem;

155 1458 231 1517 Nam
247 1458 314 1537 quis
329 1460 365 1518 ab
379 1457 479 1516 Aonio
492 1453 606 1534 largius
625 1475 712 1516 amne
728 1458 829 1519 bibiti

115 1542 209 1602 Cuius
224 1538 363 1619 Pimploo
379 1538 447 1618 lyra
461 1537 573 1600 clarior
588 1540 652 1600 exit
666 1542 703 1602 ab
719 1543 830 1602 autroi

157 1626 254 1701 Quem
269 1621 338 1704 pius
352 1622 458 1683 Pierio
474 1622 513 1682 de
527 1641 623 1702 grege
637 1623 781 1686 Phoebus
797 1628 898 1688 amati

92 1708 197 1770 tut·
173 1727 199 1768 ιι
214 1709 314 1785 forte,
337 1706 392 1767 sed
406 1708 507 1767 hoo
479 1726 528 1767 arx
543 1714 591 1768 est
606 1724 749 1786 sperare,
771 1711 908 1788 vaoubit,

158 1790 276 1851 Tradet
290 1796 324 1851 ut
338 1792 405 1871 ipse
422 1789 492 1851 duci
507 1791 640 1851 earmina
652 1795 775 1868 nostra,
798 1811 889 1870 rogu3

114 1876 266 1952 Quattuor
281 1879 314 1934 et
327 1880 445 1934 tautum
459 1873 661 1951 timidumque
679 1875 866 1953 brevemque
879 1873 1020 1936 libellum

156 1957 357 2020 Gommendet
371 1958 474 2017 verbis
488 1957 599 2034 „Hune
613 1962 666 2015 tua
679 1956 781 2017 Roma
793 1955 903 2036 legit.“

516 2088 580 2150 ΧΠ.

114 2204 223 2265 Omnia
237 2202 410 2283 promittis,
434 2219 501 2260 oum
514 2205 580 2260 tota
593 2205 686 2260 uoote
700 2201 824 2275 bibisti;

154 2289 249 2351 Mane
267 2284 346 2401 uihil
359 2290 508 2366 praestas.
540 2282 647 2361 Polio,
669 2301 758 2344 mane
773 2285 855 2345 bibe.

511 2417 589 2479 xffl.

113 2533 234 2611 Genus,
254 2533 368 2610 Aucto,
389 2528 471 2591 lueri
485 2528 596 2590 divites
611 2529 727 2590 habeut
740 2529 826 2589 iram.

114 2615 241 2693 Odisse,
263 2636 351 2696 quam
366 2614 500 2692 donare,
521 2610 612 2673 vilius
626 2617 755 2675 constat.

508 2746 588 2810 XIV.

114 2858 240 2919 Parcius
255 2859 383 2958 utaris,
392 2878 503 2919 moneo
512 2860 683 2939 ,rapiente
697 2854 865 2934 veredo,

155 2940 280 3015 Prisoe,
300 2957 359 3000 neo
373 2941 406 2999 iu
420 2939 546 3021 lepores
561 2949 623 3001 tam
637 2938 791 3001 violentus
806 2958 868 3005 eos.

117 3025 216 3103 Saepe
231 3021 383 3082 satisfeoit
395 3023 529 3105 praedae
543 3030 688 3103 venator,
710 3029 744 3085 et
757 3023 821 3084 acri

156 3104 281 3166 Deoidit
297 3123 457 3185 excussus,
477 3125 537 3167 uec
550 3106 724 3186 rediturus,
746 3126 836 3187 equo

94 3189 246 3252 blusidias
263 3193 296 3248 et
311 3208 433 3268 campus
448 3191 556 3249 habet:
578 3209 637 3250 ueo
651 3191 752 3268 fossa,
772 3208 832 3250 neo
848 3207 957 3271 agger,

155 3274 220 3332 Neo
234 3273 296 3332 siut
310 3291 380 3333 saxu
392 3270 485 3350 licet,
505 3271 618 3333 fallere
632 3272 724 3354 plana
738 3273 850 3338 solent.

115 3356 184 3415 Nou
199 3355 302 3416 deerit
316 3357 369 3435 qui
383 3361 468 3415 tauta
482 3357 539 3416 tibi
555 3356 728 3437 speetaoula
743 3360 899 3437 praestet,

157 3439 273 3500 invidia
287 3440 343 3500 fati
358 3438 415 3500 sed
427 3437 545 3500 leviore
560 3439 649 3500 eadat
