2370 3840
292 228 631 292 EPIGRAMMATON
645 229 718 290 LIB.
734 229 785 292 XI.
1000 227 1062 295 275

466 379 614 442 LXXVII.

109 496 143 554 ln
161 493 299 559 omnibus
314 490 452 554 Vacerra
467 488 549 571 quod
564 486 759 550 conclavibus

109 577 269 638 Consumit
281 576 373 635 horas
388 580 422 634 et
436 573 487 634 die
502 579 567 633 toto
582 571 688 649 sedet,

109 661 272 721 Cenaturit
285 658 438 736 Vacerra,
460 677 521 717 non
537 657 693 717 uacaturit.

462 789 623 852 LXXVIII.

109 908 207 968 Utere
220 908 364 967 femineis
381 904 607 986 complexibus,
629 912 735 984 utere,
757 906 882 985 Victor,

76 988 86 1006 ‘
149 991 349 1070 Ignotumque
365 992 425 1051 sibi
439 987 576 1050 mentula
592 989 690 1049 diseat
706 1009 791 1069 opus.

107 1071 266 1135 Flammea
282 1080 426 1135 texuntur
441 1091 587 1155 sponsae,
608 1074 668 1132 iam
682 1074 768 1151 virgo
783 1076 925 1153 paratur,

149 1157 308 1219 Tondebit
321 1177 434 1240 pueros
449 1160 507 1217 iam
522 1176 600 1216 nova
613 1161 707 1236 nupta
722 1162 800 1216 tuos.

85 1241 277 1301 5Paedicare
295 1240 394 1301 semel
410 1240 520 1321 cupido
536 1239 621 1299 dabit
634 1239 689 1299 Illa
703 1241 830 1318 marito,

35 1375 36 1378 ,
149 1325 226 1383 Dum
240 1326 350 1385 metuit
364 1324 421 1384 teli
436 1323 563 1383 volnera
576 1324 676 1401 prima
692 1323 771 1383 novi.

108 1406 237 1487 Saepius
251 1407 311 1466 hoe
326 1408 395 1466 lieri
410 1407 513 1464 nutris
527 1409 687 1484 materque
701 1407 849 1465 vetabunt

147 1490 190 1549 lut
205 1488 325 1548 dicent:
347 1490 469 1566 „Uxor‚
491 1507 553 1547 non
567 1506 661 1567 puer,
682 1489 741 1548 ista
755 1490 813 1549 tibi
828 1491 908 1551 est.“

107 1573 178 1632 Heu
193 1578 322 1651 quantos
338 1577 456 1649 aestus,
479 1578 609 1651 quantos
625 1573 746 1651 patiere
760 1569 901 1651 labores,

69 1665 107 1717 10
155 1656 188 1715 Si
203 1656 301 1716 fuerit
315 1674 430 1716 cunnus
444 1674 495 1714 res
509 1657 675 1736 peregriua
688 1656 759 1716 tibi!

104 1739 187 1817 Ergo
204 1738 381 1799 Suburanae
394 1741 528 1800 tironem
542 1736 631 1799 trade
645 1741 818 1819 magistrae.

146 1821 204 1882 Illa
217 1825 314 1882 virum
329 1824 441 1899 faciet3
462 1842 525 1882 non
539 1824 620 1882 bene
635 1825 721 1901 virgo
737 1823 838 1886 docet.

476 1953 611 2014 LXXIX.

104 2049 154 2110 Ad
167 2051 298 2131 prImum
314 2049 433 2108 deeIma
445 2047 580 2129 lapidem
594 2048 677 2127 quod
691 2050 828 2109 venimus
842 2051 934 2129 bora,

147 2135 313 2212 Arguimur
325 2131 428 2192 lentae
445 2133 573 2192 erimine
588 2132 741 2211 pigritiae.

104 2217 174 2276 Non
189 2223 238 2277 est
250 2218 311 2276 Ista
325 2214 466 2295 quidem,
488 2234 550 2274 uon
565 2220 614 2274 est
627 2233 711 2293 mea,
732 2214 789 2275 sed
802 2221 856 2277 tua
869 2215 960 2299 eulpa
975 2224 1039 2298 est,
1075 2275 1079 2281 .

145 2300 262 2361 Misisti
276 2297 372 2360 mulas
387 2300 440 2378 qui
456 2298 547 2375 mibi,
568 2298 681 2376 Paete,
703 2304 779 2359 tuas.

476 2432 597 2493 LXXX.

104 2544 192 2605 Litus
207 2546 316 2604 beatae
331 2540 466 2604 Veneris
483 2559 607 2602 aureum
621 2541 726 2620 Baias,

104 2627 192 2686 Baias
207 2627 359 2707 superbae
373 2623 485 2685 blanda
499 2625 578 2686 dona
593 2631 737 2703 naturae,

103 2709 148 2770 Ut
162 2706 249 2768 mille
262 2705 404 2785 laudem,
425 2706 556 2784 Flaeee,
578 2710 718 2769 versibus
733 2707 837 2787 Briau,

104 2791 248 2852 Laudabo
266 2790 359 2868 digne
372 2810 435 2850 non
450 2793 522 2850 satis
538 2798 640 2850 tamen
657 2791 755 2852 baias.

83 2874 169 2936 used
183 2871 360 2934 Martialem
373 2871 473 2948 malo,
494 2872 623 2952 Flacee,
646 2892 735 2952 quam
748 2875 845 2936 Baias.

105 2959 222 3038 Optare
237 2962 400 3035 utrumque
416 2958 549 3036 pariter,
570 2958 704 3036 improbi
718 2963 820 3018 votum
836 2965 892 3019 est.

108 3040 197 3118 Quod
211 3043 238 3101 si
252 3039 380 3100 deorum
395 3058 522 3100 munere
536 3041 595 3100 hoc
607 3041 666 3100 tibi
682 3038 788 3120 detur,

106 3125 186 3201 Quid
200 3123 379 3203 gaudiorum
394 3130 443 3183 est
456 3121 611 3184 Martialis
625 3129 658 3184 et
670 3124 776 3186 Baiae!

477 3257 610 3318 LXXXI.

107 3363 184 3424 Cum
198 3381 476 3424 seneeommunem
490 3372 579 3424 vexat
590 3363 685 3444 spado
700 3363 868 3444 Dindymus
883 3360 1001 3442 deglen

147 3444 189 3507 let
202 3447 283 3506 lueet
297 3447 331 3506 in
346 3446 448 3507 medio
464 3449 545 3508 sicca
557 3445 663 3527 puella
676 3454 754 3509 toro.
793 3527 855 3590 w
