2370 3840
328 190 667 251 ul’lGRAMMATON
680 191 754 252 LIB.
770 191 808 254 X.
1027 189 1089 257 241

133 345 175 404 Et
191 365 253 405 non
271 344 360 403 unius
376 347 533 422 spectator
546 341 678 402 lectulus
690 342 804 420 undae,

93 438 127 489 lo
178 429 237 504 Qui
252 426 337 488 videt
350 428 422 486 hinc
436 443 555 506 puppes
569 427 720 503 fluminis,
741 426 816 488 inde
829 429 938 489 marial

134 510 198 571 Sed
212 531 271 572 uec
286 508 432 572 Marcelli
444 511 742 589 Pompeianumque,
764 529 823 570 nec
838 511 904 573 illic

176 596 254 655 Sunt
269 594 411 675 triplices
426 595 584 672 thermae,
600 612 659 653 nec
675 595 744 654 fora
757 596 861 653 iuncta
876 602 1002 674 qnater,

133 680 199 739 Nec
214 679 380 759 capilolini
396 696 542 737 summum
558 677 719 756 penetrale
736 679 902 757 Tonantis,

175 764 322 843 Quaeque
337 765 440 822 nitent
454 758 540 819 caelo
556 764 693 840 proxima
707 761 824 842 templa
840 781 903 822 suo.

112 855 144 906 lo
152 847 264 907 Dicere
278 852 311 906 te
322 846 437 906 lassum
452 846 594 922 quotiens
609 864 666 923 ego
683 846 777 906 credo
792 846 936 921 Quirino:

174 931 282 1007 „Quae
296 940 348 991 tua
370 936 457 1006 sunt,
479 928 537 988 tihi
552 930 646 988 habe:
670 949 747 1008 quae
763 948 847 1008 mea,
868 929 966 989 redde
981 930 1085 992 minii

543 1062 604 1123 LII.

133 1172 260 1254 Thelyn
277 1174 398 1233 viderat
412 1173 445 1232 in
459 1180 531 1252 toga
546 1173 723 1254 spadonem.

132 1256 308 1317 Damnatam
322 1257 419 1316 Numa
434 1255 511 1316 dixit
526 1275 595 1317 esse
610 1258 776 1319 moecham.

532 1390 607 1449 LIII.

133 1499 190 1559 ille
207 1520 264 1579 ego
280 1521 346 1561 sum
362 1501 512 1582 Scorpus,
536 1500 663 1562 clamosi
678 1502 777 1582 gloria
793 1502 893 1578 Circi,

171 1583 316 1664 Plausus,
338 1585 452 1662 Roma,
468 1587 513 1645 tui
530 1584 722 1665 deliciaeque
737 1588 863 1664 breves,

131 1668 234 1727 invida
250 1686 339 1747 quem
355 1669 501 1729 Lachesis
516 1676 637 1749 raptum
650 1668 816 1731 trieteride
829 1688 909 1730 noua

172 1752 250 1811 Duru
264 1759 406 1814 numerat
419 1751 551 1834 palmas,
574 1753 708 1815 credidit
723 1774 792 1815 esse
807 1772 922 1818 senem.

530 1903 607 1966 LIV.

131 2010 273 2090 Mensas,
296 2011 371 2089 01e,
392 2014 487 2072 bonas
502 2015 609 2094 ponis,
624 2013 680 2073 sed
693 2015 783 2094 ponis
800 2018 933 2093 opertas.

173 2093 349 2155 RidIculum
364 2100 426 2153 est:
446 2115 571 2174 possum
586 2098 630 2156 sic
645 2115 702 2175 ego
716 2098 833 2158 hahere
849 2101 953 2159 bonas,

537 2229 601 2291 LV.

133 2342 298 2401 Arrectum
315 2343 458 2421 quotiens
474 2341 610 2403 Marulla
624 2359 736 2421 penem

130 2426 275 2486 Pensavit
291 2425 395 2504 digitis
410 2425 523 2506 diuque
539 2445 644 2485 mensa
658 2433 722 2502 est,

130 2509 255 2588 Libras,
278 2510 412 2589 scripula
425 2508 621 2589 sextulasque
637 2506 721 2568 dicit.

130 2592 213 2652 Idem
229 2601 300 2673 post
316 2614 391 2674 opus
407 2601 439 2654 et
455 2614 525 2654 suas
537 2592 708 2675 palaestras

106 2676 212 2736 5Loro
229 2697 296 2736 cum
312 2677 421 2738 similis
436 2679 518 2738 iacet
533 2678 681 2755 remisso,

131 2759 250 2834 Quanto
266 2763 307 2820 sit
323 2760 423 2822 levior
437 2761 570 2822 Marulla
585 2761 669 2820 dicit.

132 2842 201 2902 Non
216 2862 290 2923 ergo
307 2850 356 2903 est
369 2864 474 2904 manus
489 2847 564 2925 ista,
585 2843 641 2903 sed
658 2847 781 2902 statera.

527 2978 605 3038 LVI.

132 3089 237 3166 Totis,
260 3088 365 3168 Galle,
388 3091 475 3150 iubes
493 3091 551 3150 tibi
565 3108 614 3149 me
630 3090 748 3150 servire
765 3088 874 3152 diebus

172 3173 214 3233 Et
227 3193 285 3253 per
299 3175 484 3235 Aventinum
498 3180 549 3232 ter
564 3181 673 3253 quater
687 3175 734 3233 ire
750 3173 857 3235 lutum.

131 3257 244 3316 Eximit
261 3264 312 3317 aut
326 3258 429 3318 reficit
444 3257 569 3318 dentem
585 3257 754 3318 Cascellius
771 3275 912 3336 aegrum,

174 3340 308 3401 Infestos
324 3341 422 3402 oculis
436 3343 516 3419 uris,
538 3343 677 3422 Hygine,
697 3343 795 3421 pilos;
885 3392 888 3396 x

110 3423 204 3483 5Nou
219 3435 304 3486 secat
318 3440 352 3486 et
366 3425 450 3487 tollit
463 3425 631 3487 stillantem
645 3425 781 3486 Fannius
796 3442 900 3487 uvam.

176 3507 282 3570 Manu.
842 3495 893 3570 16Ι
