2370 3840
326 185 667 257 EPIGRAMMATON
680 194 754 256 LIB.
773 195 809 259 Π.
1047 194 1089 257 59

483 395 648 459 LXXXIX.

131 510 220 591 Quod
233 511 328 570 nimio
346 508 461 588 gaudes
474 514 599 569 noctem
616 508 791 589 producere
805 511 894 589 dno,

171 598 318 675 Ignosco:
339 595 463 670 vitium,
486 594 606 671 (ianoe,
628 594 755 653 Catonis
769 596 875 657 habes.

130 681 273 743 carmina
288 676 372 758 quod
387 679 497 738 scribis
511 677 611 737 Musis
628 683 661 737 et
674 675 822 757 Apolline
835 677 921 739 nullo
930 711 950 757 ,·
1039 686 1049 699 ‘

171 762 307 824 Laudari
322 761 436 822 debes:
458 763 518 821 hoc
534 762 695 822 Ciceronis
708 763 814 822 habes.

109 846 351 928 5Quodoomis,
373 846 505 905 Antoni:
529 844 612 925 quod
626 843 810 923 luxurians,
834 847 941 926 Apici:

172 930 263 1010 Quod
277 929 384 1008 fellas,
407 931 515 990 vitium
528 928 578 990 dic
590 931 666 990 mihi
681 930 767 989 cuius
781 930 901 991 haber?

421 1141 424 1144 .
536 1093 601 1156 XC.

132 1208 339 1289 Quintiliana,
361 1227 454 1286 vagae
468 1207 647 1268 moderator
662 1227 778 1269 summe
793 1209 952 1283 iuventae,

172 1292 283 1356 Gloria
298 1294 470 1370 Romanae,
493 1290 700 1372 Quintiliane,
721 1299 828 1372 togae,
872 1339 874 1342 ,

130 1379 246 1442 Vivere
262 1375 346 1457 quod
360 1395 497 1458 propero
511 1395 630 1455 pauper
644 1396 703 1437 nec
716 1375 838 1436 inutilis
854 1374 957 1451 annis,

172 1463 219 1522 lla
232 1464 368 1522 veniam:
390 1466 540 1541 properat
553 1462 659 1520 vivere
672 1480 763 1520 nemo
779 1461 863 1520 satis.

109 1548 266 1612 5Differat
278 1548 339 1605 hoc
353 1547 472 1625 patrios
487 1550 574 1625 optat
589 1546 642 1625 qui
654 1547 780 1605 vincere
795 1561 906 1604 census

174 1632 326 1711 Atriaque
340 1628 514 1690 immodicis
529 1636 610 1689 artat
621 1631 813 1709 imaginibus.

131 1717 188 1777 Mc
201 1715 290 1775 iocur
305 1720 338 1774 ct
352 1715 459 1792 nigros
473 1733 535 1773 non
549 1712 741 1792 indignantia
755 1714 857 1773 fumos

176 1799 276 1860 Tecta
289 1801 395 1858 iuvant
407 1804 441 1859 et
453 1796 523 1858 lons
536 1800 622 1859 dous
637 1807 670 1858 et
683 1800 781 1860 herba
793 1795 890 1858 rudis.

133 1884 182 1944 Sit
195 1884 271 1943 mihi
283 1902 380 1944 verna
393 1887 496 1961 satur,
517 1883 634 1942 sitnon
649 1881 828 1943 doctissima
840 1879 987 1954 coniunx,

89 1980 125 2033 10
174 1967 222 2028 Sit
233 1987 294 2028 nox
308 1987 377 2027 cum
389 1986 512 2044 somno,
533 1967 575 2026 sit
589 1969 657 2027 sine
671 1966 727 2028 lite
743 1966 821 2030 dies.

528 2128 608 2188 xcl.

132 2259 249 2319 Rerum
265 2263 352 2318 certa
366 2255 465 2334 salus,
482 2261 637 2316 terrarum
652 2251 768 2332 gloria,
791 2251 925 2328 Caesar,
978 2277 982 2284 ·

177 2342 302 2422 Sospite
318 2359 378 2420 quo
393 2360 518 2418 magnos
533 2337 688 2399 credimus
703 2355 773 2397 esre
789 2335 882 2412 deos,

134 2425 168 2486 Si
181 2427 338 2486 festinatis
351 2427 468 2485 totiens
482 2426 540 2484 tibi
552 2423 634 2483 lecta
647 2420 768 2482 libellis

176 2510 348 2571 Detinuere
366 2509 471 2570 oculos
486 2510 620 2568 carmina
633 2512 741 2567 nostra
753 2511 839 2582 tuos,

113 2593 228 2673 5Quod
240 2595 366 2654 fortuna
378 2599 463 2653 vetat
475 2594 561 2671 lieri,
583 2593 731 2673 permitte
745 2589 862 2666 videri,

176 2680 325 2739 Natorum
340 2679 463 2756 genitor
478 2676 589 2737 credar
603 2682 638 2736 ut
654 2693 724 2735 ease
738 2677 842 2736 trium.

135 2765 238 2842 Haec,
261 2764 287 2822 ri
301 2760 461 2843 displicui,
480 2762 599 2821 fuerint
615 2757 725 2820 solatia
738 2761 848 2833 nobis:

178 2849 264 2908 Haec
279 2847 398 2907 fuerint
411 2847 502 2907 nobis
516 2846 670 2927 praemia,
693 2844 719 2903 si
734 2841 845 2924 placui.
921 2905 934 2921 x

525 3007 625 3068 xon:
735 2981 737 2985 ’

135 3123 284 3185 Natorum
297 3125 374 3184 mihi
390 3124 438 3183 ius
452 3125 546 3183 trium
559 3121 684 3199 roganti

135 3207 295 3269 Musarum
308 3209 444 3289 pretium
459 3206 547 3268 dedit
561 3224 698 3265 mearum

137 3290 227 3352 Solus
244 3294 297 3372 qui
310 3299 444 3373 poterat.
472 3290 619 3368 valebis,
640 3307 726 3349 uxor.

136 3374 206 3437 Non
221 3375 317 3438 debet
332 3377 448 3438 domini
461 3378 568 3457 perire
584 3392 701 3435 munus.
