2370 3840
424 185 468 246 Μ.
485 182 577 246 VAL.
594 180 820 243 MARTIALIS

556 384 690 447 LXXIX.

186 503 316 583 Semper
331 503 395 581 agis
409 520 514 562 causas
530 507 563 562 et
577 519 629 561 res
645 501 725 579 agis,
748 499 872 580 Atesis,
893 523 1036 587 semper:

211 588 300 665 Est,
320 593 446 647 nonest
462 584 544 664 quod
559 603 646 664 ugus,
668 583 790 663 Attule‚
810 594 934 668 semper
949 591 1024 669 agis.

186 671 220 732 Si
234 689 286 731 res
300 676 333 730 et
346 688 454 731 causae
472 668 600 747 desunt,
622 669 703 748 agis,
724 668 848 749 Attule,
870 670 976 735 mulus.

227 752 350 834 Attule,
372 773 413 814 ne
428 752 510 833 quod
528 771 598 831 agas
613 750 712 832 desit,
736 772 805 832 agas
824 756 962 817 unimam.

554 885 676 947 LXXX.

186 1000 346 1084 Sper-tuln,
368 1001 468 1080 (isne,
489 1001 548 1062 tibi
562 1019 707 1082 suprema
720 1007 812 1062 noete
826 1003 925 1082 petits
939 1011 1000 1068 est.

228 1084 351 1149 Occidit
365 1091 440 1167 puto
456 1090 506 1164 te,
528 1085 629 1162 (lane,
651 1083 734 1164 quud
747 1105 806 1145 uns
819 1086 887 1148 fuit.
988 1102 991 1109 ·

552 1218 687 1282 LXXXI.

185 1333 212 1392 A
228 1352 318 1394 servo
334 1335 394 1395 seis
409 1340 441 1394 te
456 1333 592 1413 genitum
608 1328 785 1412 blandeque
798 1333 924 1412 fateris,

229 1418 305 1478 (lum
320 1417 398 1479 dieIs
413 1416 585 1494 dominum,
607 1415 786 1497 Sosibisne,
804 1424 934 1500 petrem.

543 1553 693 1616 LXXXII.

184 1667 271 1728 Haec
287 1683 365 1745 quae
379 1663 508 1746 pulvere
525 1665 674 1747 dissipate
688 1663 783 1724 multo

185 1750 305 1830 Longus
319 1750 457 1829 porticus
473 1749 608 1831 eprIcet
621 1750 745 1826 ruinas,

184 1836 218 1896 ln
234 1839 320 1894 tanto
335 1835 417 1894 iacet
432 1833 572 1894 absoluta
587 1852 666 1894 casu.

186 1919 295 1978 'lectis
312 1937 382 1978 nam
396 1915 486 1978 modo
503 1915 639 1996 Regulus
655 1918 709 1977 sub
724 1915 789 1977 illis

163 2004 334 2065 5Geststus
345 2002 450 2063 fuerat
465 2007 723 2081 recesseruntque,

185 2088 277 2150 Victa
292 2093 341 2155 est
354 2085 495 2168 pendere
510 2107 578 2148 eum
593 2106 647 2146 suo
662 2093 813 2166 repente3

184 2173 227 2234 Et
240 2177 402 2253 postquam
418 2171 542 2232 domino
559 2169 640 2231 nihil
659 2172 804 2249 timebat,

186 2256 303 2317 Securo
321 2258 384 2316 ruit
398 2256 562 2317 incruenta
577 2254 696 2315 (lemno.

186 2341 323 2415 Tantae,
343 2338 479 2418 Regule,
498 2345 571 2418 post
586 2344 701 2398 metum
716 2334 877 2414 querellae
966 2329 967 2333 ¹

146 2434 180 2486 10
187 2425 263 2499 Quis
279 2442 382 2482 euram
396 2427 492 2500 neget
507 2439 577 2480 esse
592 2426 624 2480 te
641 2420 786 2495 deorum,

184 2507 320 2586 Propter
337 2525 426 2583 quern
440 2505 501 2564 fuit
513 2504 663 2563 innocens
677 2502 787 2561 ruins?

540 2635 701 2698 LXXXIII.

190 2752 233 2814 Os
249 2758 282 2812 et
299 2749 387 2812 lebrs
400 2752 459 2812 tibi
472 2749 581 2830 lingit,
601 2750 741 2827 Mensis,
764 2747 909 2811 entellus:

227 2835 296 2898 Nun
311 2837 423 2915 miror,
445 2834 568 2896 merdas
586 2836 612 2895 si
627 2834 706 2895 libet
721 2852 790 2895 esse
809 2835 885 2898 esni.

462 2944 465 2951 ’
543 2968 708 3033 uxxruv.

185 3083 321 3144 Uxorem
337 3082 510 3144 habendam
524 3104 586 3144 non
599 3090 688 3166 putet
703 3079 886 3162 QuirInnlis‚
908 3157 910 3160 Α

187 3167 265 3229 (lum
278 3167 354 3228 velit
367 3168 485 3229 hebere
498 3167 597 3247 lilios,
619 3177 651 3229 et
669 3169 788 3229 Invenit

186 3253 253 3327 Quo
267 3253 367 3333 possit
379 3252 463 3313 Istud
478 3271 579 3314 more:
601 3254 696 3314 futuit
710 3251 835 3312 ancillas

186 3337 378 3416 Domumque
394 3342 426 3398 et
440 3357 529 3417 agros
543 3336 654 3419 implet
668 3337 824 3416 equItibns
836 3331 952 3396 vernn.

187 3421 283 3482 Pater
297 3421 432 3484 familiae
448 3441 539 3484 verus
554 3430 603 3484 est
618 3417 796 3500 Quirinalis.
