2370 3840
385 632 556 739 nvnc
579 631 833 714 MARTIALIS

299 803 916 900 liliililllillliill

499 983 724 1049 mensu.

566 1169 618 1232 Ἰ.

179 1293 290 1354 Sextus
304 1291 441 1352 mittitur
450 1289 501 1349 hic
518 1289 575 1348 tibi
588 1285 730 1366 libellus,

178 1377 335 1457 Inprimis
350 1375 424 1434 mihi
440 1391 511 1433 care
528 1371 697 1433 Martialis:

179 1463 276 1537 Quem
291 1461 321 1519 si
332 1458 461 1519 terseris
476 1475 550 1516 sure
565 1455 724 1534 diligenti,

179 1542 316 1604 Audebit
329 1542 427 1601 minus
442 1543 547 1600 anxius
561 1546 760 1618 tremensque

179 1629 306 1707 Magnas
322 1624 462 1687 Osesuris
477 1625 509 1681 in
524 1641 629 1681 manus
642 1623 759 1682 venire.

537 1756 634 1817 n.

180 1872 278 1933 Lusus
295 1881 362 1932 erat
377 1888 482 1931 sacrae
499 1871 629 1931 conubio
642 1869 752 1931 follere
767 1869 876 1950 tedae,

222 1958 320 2017 Lusus
335 1963 368 2016 et
382 1957 552 2015 immeritos
569 1957 727 2015 execuisse
743 1973 851 2016 mares.
956 1997 958 2002 -

178 2042 317 2120 Utraque
332 2046 366 2101 tu
378 2040 543 2121 prohibes,
566 2040 695 2116 (leesor,
714 2039 900 2120 populisque
914 2037 1027 2098 futuris

222 2127 399 2203 succurris,
421 2126 505 2184 nasci
521 2123 600 2203 quod
617 2125 684 2184 sine
698 2124 807 2184 fraude
822 2125 918 2184 iubes.

157 2210 246 2274 5Nec
257 2210 352 2290 spado
360 2211 430 2287 inm,
441 2227 499 2268 nec
511 2209 656 2268 moechus
668 2211 739 2286 erit,
752 2215 784 2267 tc
791 2207 945 2287 praeside,
958 2207 1131 2286 quisquam:

222 2295 380 2374 soprius,
402 2314 419 2353 o
436 2293 554 2352 mores!
577 2298 610 2351 et
624 2291 719 2370 spado
735 2292 879 2351 moechus
895 2297 972 2356 erut.

590 2425 637 2485 lll.

180 2540 315 2600 Nascere
331 2537 484 2599 Dordsnio
521 2540 681 2598 romissum
698 2556 809 2598 nomen
825 2535 907 2616 lulo,
961 2572 965 2579 ·

221 2623 305 2686 Vero
320 2621 409 2682 derirn
425 2559 566 2683 suboles:
588 2641 732 2701 nascere,
754 2641 861 2700 magne
876 2640 969 2701 puerq

182 2707 239 2768 Cui
253 2713 342 2786 pater
357 2714 498 2767 aeternas
513 2714 584 2788 post
599 2705 721 2767 saecula
734 2705 836 2767 tradat
849 2706 1000 2784 hebenus,

224 2792 345 2868 Quique
359 2810 448 2869 reges
463 2794 569 2852 orbem
584 2811 650 2851 cum
663 2792 786 2852 seniore
802 2809 905 2852 senex.

160 2876 251 2957 blpsa
264 2875 322 2934 tibi
336 2876 425 2935 niveo
442 2877 546 2935 trahet
561 2895 652 2935 auree
668 2874 783 2955 pollice
798 2874 851 2935 iila

223 2961 265 3020 Et
278 2962 372 3018 iotam
388 2959 494 3018 Phrixi
509 2959 584 3019 lulia
598 2961 685 3020 nebit
700 2978 795 3022 ovem.

591 3093 641 3156 lv.

183 3206 302 3266 Censor
316 3205 445 3264 maxime
459 3206 694 3284 principumque
710 3206 872 3284 prinecps,

184 3290 259 3350 Cum
275 3296 323 3350 tot
336 3291 395 3349 ium
411 3290 469 3349 tibi
486 3288 599 3348 debeat
612 3291 799 3367 triumphos,

48 3396 85 3552 ι
182 3373 245 3434 Tot
259 3375 415 3435 noscentis
429 3371 562 3456 templs,
583 3378 630 3432 toi
644 3379 763 3453 renota,
