2370 3840
293 198 634 260 EPIGRAMMATON
648 199 722 261 LlB.
740 199 817 261 Xlll.
1009 197 1073 265 319
1162 261 1164 263 ,

409 399 485 459 cxl.
507 397 687 462 Falernum.

113 516 160 575 De
176 514 372 574 Sinuessanis
387 518 541 572 venerunt
556 512 688 571 Massica
701 494 832 590 praelis:
1028 582 1033 590 ¹

156 591 289 660 Condita
304 617 363 675 qno
380 597 502 676 quaeris
518 594 667 655 consule?
697 592 807 656 Nullus
822 604 898 660 erat.

417 729 507 790 cxfl.
530 728 681 790 Setinum.

112 829 253 891 Pendula
266 830 447 909 Pomptinos
463 846 541 906 quac
556 831 677 907 spectat
693 825 778 887 Setia
794 846 933 910 campos,

154 915 271 992 Exigua
285 911 406 973 vetulos
420 912 506 971 misit
520 913 557 971 ab
572 911 649 970 urbe
665 909 766 974 cados.

386 1045 490 1107 cxm.
512 1011 713 1106 matonam.

112 1147 198 1206 Haec
213 1145 363 1207 Fundana
380 1144 452 1205 tulit
465 1142 543 1204 felix
556 1149 735 1204 auctumnus
750 1141 862 1227 Opimi.

154 1231 316 1310 Expressit
330 1240 462 1288 mustum
477 1225 585 1288 consul
600 1234 632 1286 et
646 1229 713 1307 ipse
726 1226 813 1289 bibit.

383 1361 489 1424 CXIV.
518 1360 717 1436 litfolinum.

112 1457 181 1518 Non
196 1478 262 1518 sum
278 1458 317 1517 de
331 1460 450 1537 primo,
472 1458 590 1534 fateor,
611 1454 750 1515 trifolina
764 1453 885 1535 Lyaeo,

154 1542 239 1602 Inter
254 1543 323 1602 vina
336 1549 440 1601 tamen
455 1541 584 1620 septima
600 1539 671 1599 vitis
686 1557 751 1604 ero.

398 1674 490 1738 CXV.
517 1672 701 1735 Caecubum.

113 1774 255 1834 Caecuba
267 1772 426 1833 Fundanis
441 1791 593 1851 generosa
607 1778 756 1832 cocuntur
770 1771 923 1853 Amyclis,

155 1858 237 1920 Vitis
253 1864 285 1918 et
299 1859 331 1916 in
346 1856 448 1917 media
461 1863 533 1916 nata
547 1855 659 1936 palude
674 1857 763 1916 viret.

395 1988 501 2052 cxvi.
523 1987 698 2069 Signinum.

111 2088 237 2147 Potabis
250 2084 401 2164 liquidum
417 2086 543 2164 Signina
557 2086 707 2145 morantia
720 2090 869 2145 vennam.

153 2171 199 2231 Ne
216 2171 342 2230 nimium
357 2170 484 2247 sistant,
507 2170 548 2228 sit
562 2169 621 2228 tibi
636 2188 730 2248 parca
744 2169 822 2255 sitis.

365 2302 484 2364 CXVII.
508 2303 739 2366 Mamertinum.

113 2403 270 2482 Amphora
284 2401 438 2461 Nestorea
452 2402 511 2460 tibi
527 2401 713 2461 Mamertina
731 2405 856 2460 senecta
924 2471 928 2478 .

155 2488 188 2547 Si
204 2485 312 2563 detur,
334 2484 461 2563 quodvis
476 2503 589 2544 nomeu
603 2485 720 2543 habere
733 2489 846 2563 potest.

345 2618 477 2681 cxvfli.
508 2618 752 2680 Tarraconense.

63 2739 64 2743 ¹
114 2716 269 2794 Tarraco,
292 2717 447 2798 Campano
462 2723 581 2777 tantum
596 2735 721 2776 cessura
737 2715 857 2794 Lyaeo,

154 2800 240 2860 Haec
256 2801 364 2878 genuit
378 2800 489 2861 Tuscis
504 2799 623 2861 aemula
636 2801 706 2859 vina
721 2799 814 2862 cadis.

369 2934 475 2994 CXIX.
499 2931 738 2995 Nomentanum.

112 3030 305 3090 Nomentana
320 3047 420 3089 meum
434 3032 498 3091 tibi·
510 3030 563 3090 dat
576 3029 729 3089 vindemia
743 3031 912 3090 Bacchum:

66 3183 71 3191 ¹
156 3115 189 3174 Si
205 3121 237 3174 te
253 3114 384 3189 Quintus
403 3120 497 3190 amat,
519 3112 727 3173 commodiora
740 3114 837 3176 bibes.

392 3246 484 3307 CXX.
507 3245 713 3327 Spoletinum.

112 3344 160 3405 De
176 3344 346 3426 Spoletinis
365 3362 442 3424 quae
458 3351 531 3404 suut
545 3345 661 3405 cariosa
675 3341 795 3422 lagonis
895 3360 928 3413 ι

155 3428 323 3509 Malueris,
347 3448 435 3508 quam
449 3429 476 3489 si
493 3433 593 3489 musta
604 3427 737 3489 Falerna
749 3426 846 3488 bibas.
