2370 3840
321 202 661 266 EPIGRAMMATON
674 202 749 265 Lln,
765 203 814 264 lll.
1049 205 1089 271 75

129 358 231 419 Vinea
246 354 329 437 quod
341 357 449 436 primis
464 375 532 414 cum
546 357 641 415 floret
657 376 732 415 cana
746 358 894 437 racemis,

174 442 321 503 Gramina
335 439 419 519 quod
433 439 596 516 redolent,
619 458 696 518 quae
711 441 802 500 modo
818 443 935 522 carpsit
951 443 1036 519 ovis3

109 525 224 603 5Quod
239 531 374 604 myrtus,
397 522 480 603 quod
494 542 613 584 messor
627 524 743 603 Arabs,
763 524 847 603 quod
861 527 966 586 sucina
979 528 1070 606 trita,

173 608 312 669 Pallidus
326 607 393 669 Eoo
408 619 478 667 ture
495 607 578 686 quod
590 609 670 687 ignis
687 606 769 682 olet;

132 694 233 755 Gleba
248 692 331 773 quod
346 693 461 752 aestivo
477 691 589 752 leviter
607 713 675 752 cum
690 694 845 773 spargitur
858 694 975 772 imbre,

173 777 264 854 Quod
282 775 418 865 madidas
432 776 530 836 nardo
548 797 638 857 passa
652 797 766 836 corona
781 797 897 836 comas:

130 863 200 922 Hoc
213 867 283 941 tua,
305 878 396 920 saeve
410 878 489 940 puer
504 860 711 938 Diadumene,
732 863 817 921 basia
831 862 979 941 fragrant.

93 957 125 1009 lo
172 945 270 1023 Quid,
292 947 319 1004 si
336 949 402 1005 tota
417 944 508 1004 dares
522 943 579 1004 illa
596 948 664 1006 sine
678 944 815 1005 invidia?
921 962 927 973 ·

511 1079 618 1140 LXVL

132 1193 193 1252 Par
210 1191 313 1253 scelus
329 1189 452 1251 admisit
465 1190 588 1251 Phariis
604 1192 756 1252 Antonius
771 1193 879 1252 armis:

176 1275 318 1337 Abscidit
332 1274 433 1335 voltus
448 1276 531 1334 ensis
543 1282 677 1354 uterque
692 1295 804 1336 sacros.

131 1357 230 1438 lllud,
248 1359 421 1438 laurigeros
438 1378 547 1438 ageres
563 1379 631 1419 cum
645 1359 729 1420 laeta
742 1359 931 1439 triumphos,

173 1444 243 1504 Hoc
256 1446 333 1521 tibi,
354 1444 466 1522 Roma,
489 1452 596 1524 caput,
618 1464 684 1504 cum
700 1445 892 1523 loquereris,
914 1447 990 1502 erat.

108 1529 247 1590 5Autoni
261 1535 364 1588 tamen
380 1534 429 1587 est
442 1529 547 1607 peior,
570 1547 659 1607 quam
675 1548 763 1588 causa
777 1529 919 1588 Pothini:

174 1612 235 1673 Hie
250 1613 369 1672 facinus
385 1611 508 1672 domino
523 1613 698 1692 praestitit,
718 1610 774 1672 ille
789 1614 857 1674 sibi.

508 1745 630 1809 LXVII.

133 1857 286 1936 Cessatis,
308 1858 413 1935 pueri,
435 1857 575 1936 nihilque
589 1859 705 1937 nostis,

133 1942 273 2004 Vaterno
287 1941 461 2017 Rasinaque
475 1943 645 2021 pigriores,

134 2028 268 2102 Quorum
283 2042 341 2105 per
356 2024 431 2083 vada
444 2025 532 2084 tarda
545 2027 722 2104 navigantes

133 2110 251 2170 Lentos
269 2110 387 2186 tingitis
403 2107 442 2168 ad
458 2108 597 2168 celeuma
610 2127 721 2169 remos.

113 2193 197 2255 alam
211 2213 311 2273 prono
324 2192 522 2253 Phaethonte
539 2192 630 2253 sudat
643 2193 767 2253 Aethon

132 2279 317 2355 Exarsitque
334 2275 417 2349 dies,
440 2284 473 2337 et
486 2279 564 2337 hora
576 2274 675 2336 lassos

132 2362 319 2439 Interiungit
334 2379 430 2440 equos
445 2361 624 2422 meridiana.

133 2448 176 2506 At
190 2465 244 2506 ros
258 2453 320 2505 tam
332 2444 469 2524 placidas
484 2447 552 2524 vagi
564 2465 623 2526 per
636 2444 734 2505 undas

135 2529 217 2590 Tuta
229 2527 337 2589 luditis
351 2530 447 2589 otium
462 2532 573 2590 carina.

109 2613 202 2675 0Non
216 2618 324 2673 nautas
336 2618 412 2694 puto
427 2634 497 2693 vos,
518 2613 575 2674 sed
588 2615 791 2693 Argonautas.

509 2747 642 2810 LXVlll.

134 2860 204 2920 Huc
220 2868 381 2940 estusque
395 2864 455 2923 tibi
469 2864 619 2943 scriptus,
634 2869 787 2939 matrona,
801 2857 937 2921 libellus.

178 2945 237 3005 eui
253 2947 316 3005 sint
331 2948 447 3026 scripta
460 2966 550 3025 rogas
564 2947 737 3006 interiora?
758 2946 842 3006 mihi.

135 3027 351 3108 Gymnasium,
373 3032 531 3109 thermae,
545 3030 685 3090 'stadium
700 3037 749 3090 est
766 3031 824 3090 hac
837 3035 943 3110 parte:
964 3024 1088 3089 recedo.

175 3113 339 3173 linimur:
362 3114 459 3175 nudos
473 3133 568 3196 parce
581 3114 689 3175 videre
703 3116 795 3179 viros.

114 3195 219 3257 §Hinc
233 3199 294 3257 iam
309 3197 450 3279 deposito
465 3205 537 3279 post
553 3200 622 3258 vina
636 3217 783 3277 rosasque
799 3197 919 3278 pudore

180 3281 262 3356 Quid
275 3280 375 3361 dicat,
397 3284 498 3343 nescit
512 3285 614 3342 saucia
629 3277 856 3363 Terpsichore:

136 3362 300 3426 Schemate
314 3384 374 3425 neo
389 3365 498 3444 dubio,
520 3365 577 3426 sed
592 3372 701 3446 aperte
717 3366 854 3425 nominat
866 3364 965 3442 illam,

180 3449 277 3525 Quam
294 3451 409 3530 recipit
424 3456 511 3511 serto
526 3469 633 3512 mense
649 3448 932 3533 asperitatem,
