2370 3840
152 185 214 251 ιιι
476 186 521 248 ιι.
535 185 627 248 ιιι.
640 167 867 248 ιἰιιιιιιιιι

603 387 739 450 LXXXI.

234 501 400 583 „Triginta
414 508 480 563 toto
495 501 574 562 mala
588 508 659 561 aunt
674 505 893 582 epigrammata
905 498 1021 562 librc.“

277 586 311 647 Si
324 585 456 647 totidem
469 589 549 647 bona
563 592 651 663 sunt,
671 586 788 665 Lause,
810 589 908 647 bonus
922 585 1006 645 liber
1020 593 1077 647 est.

595 719 742 780 LXXXII.

233 831 408 914 Menophili
423 850 537 912 penem
551 836 614 890 tam
628 831 753 908 grandis
766 832 863 893 fibula
876 831 985 908 vestit,

275 916 319 977 Ut
333 918 375 975 ait
390 914 546 975 comoedis
562 917 701 975 omuibus
717 934 777 976 una
791 917 875 975 satia.

233 1000 324 1059 Hunc
339 1018 397 1077 ego
409 997 605 1059 credideram
615 1033 659 1044 -
668 1019 738 1058 nam
751 1019 844 1079 saepe
854 998 992 1059 lavamur
1002 998 1035 1057 in
1047 1015 1141 1058 unum

276 1081 452 1142 Scllicltum
465 1084 534 1142 voci
546 1101 694 1161 parcere,
716 1082 846 1161 Flacce,
868 1100 955 1143 suae:

211 1167 313 1241 allum
327 1165 409 1228 ludit
421 1166 523 1226 media
534 1165 650 1247 populo
664 1171 826 1245 spectante
840 1164 1013 1246 palaestra,

275 1250 410 1333 Delapsa
423 1256 472 1312 est
486 1251 599 1310 misero
614 1249 727 1310 fibula:
746 1268 860 1332 verpus
876 1256 953 1312 crat.

585 1384 749 1450 LXXXIII.

231 1495 418 1575 Eutrapelus
433 1504 541 1558 tonsor
556 1497 627 1558 dum
643 1499 755 1559 circuit
771 1518 825 1558 ora
838 1498 974 1577 Luperci

273 1580 482 1660 Expingitque
498 1599 607 1659 genas,
630 1581 730 1642 altera
744 1584 839 1642 barba
855 1584 948 1646 subit.

587 1714 753 1777 LXXXIV.

232 1824 310 1884 Dum
325 1844 393 1897 mea
407 1826 543 1888 Caecilio
559 1828 710 1888 formatur
723 1829 823 1906 imago
840 1826 982 1888 Secunda

274 1907 379 1989 Spirat
393 1916 426 1970 et
440 1918 546 1989 arguta
559 1913 643 1992 picta
655 1910 770 1972 tabella
784 1931 890 1990 manu,

231 1992 260 2070 1,
281 1990 379 2071 liber,
401 1994 440 2054 ad
455 1996 595 2057 Geticam
609 1996 735 2057 Peucen
748 1996 952 2075 HIstrumque
966 1996 1140 2058 iacentem:

274 2077 359 2138 Haec
373 2077 443 2139 loca
456 2079 639 2159 perdomitis
654 2082 797 2160 gentibus
811 2079 868 2141 ille
882 2086 981 2142 tenet.

210 2160 332 2221 tl'arva
347 2161 433 2222 dabis
448 2184 536 2243 carc,
558 2164 615 2226 sed
630 2164 732 2225 dulcia
746 2164 842 2243 dona,
862 2162 976 2224 sodali:

275 2245 400 2306 Certior
414 2249 448 2306 in
462 2255 569 2309 nostro
584 2250 720 2309 carmine
735 2248 836 2309 voltus
850 2250 921 2310 erit.

233 2327 362 2389 (lusibus
376 2330 428 2390 hic
442 2331 553 2410 nullia,
575 2331 668 2392 nullis
684 2330 827 2392 delebilis
844 2333 931 2390 annis

275 2410 384 2492 Vivet,
405 2414 569 2495 Apelleum
584 2435 652 2475 cum
666 2417 818 2474 morietur
833 2434 918 2494 opus.

595 2561 747 2626 LXXXV.

233 2668 323 2746 Quod
337 2690 400 2731 non
414 2670 532 2732 insulae
541 2674 656 2732 scribis
671 2674 854 2733 tetrasticha
871 2670 1035 2752 quaedam,

275 2754 415 2815 Disticha
431 2755 514 2836 quod
526 2755 611 2818 belle
624 2776 736 2836 pauca,
759 2755 901 2836 Sabelle,
923 2757 1016 2834 facis,

232 2836 355 2915 Laudo,
374 2857 433 2899 nec
448 2840 593 2905 admiror.
622 2840 730 2901 Facile
749 2847 798 2902 cst
813 2843 1031 2921 epigrammata
1045 2838 1134 2901 belle

273 2920 436 3001 Scribere,
458 2924 514 2985 sed
527 2923 641 2987 librum
656 2927 795 2986 scribere
811 2924 941 2987 difficile
957 2930 1013 2986 est.

585 3059 748 3123 LXXXVI.

232 3165 283 3225 Ad
295 3163 456 3226 natalicias
471 3167 566 3250 dapes
579 3174 725 3252 vocabar,

231 3249 341 3310 Essem
356 3269 423 3310 cum
438 3251 512 3331 tibi,
534 3252 645 3333 Sexte,
665 3275 728 3315 non
743 3257 864 3316 amicus.

234 3334 316 3408 Quid
328 3335 442 3395 factum
457 3341 520 3414 eat,
541 3355 635 3414 rogo,
655 3338 731 3417 quid
744 3344 875 3419 repente
890 3339 1004 3398 iactum
1018 3340 1083 3414 eat,

233 3416 309 3478 Post
326 3423 374 3480 tot
384 3420 514 3500 pignora
527 3426 651 3501 nostra,
670 3429 742 3504 post
755 3429 803 3483 tut
816 3441 912 3482 annos
