2370 3840
64 3502 94 3615 l.

94 214 157 281 192
415 215 459 277 Μ.
475 214 567 278 VAL.
583 214 810 276 MARTlALlS

180 367 269 445 Quod
283 369 310 429 si
322 365 405 427 ludis
419 366 518 427 adhuc
533 366 691 446 semelque
705 369 789 428 nasci

178 452 249 514 Uno
264 454 324 512 iam
337 453 395 512 tibi
410 471 471 511 non
486 458 533 512 sat
547 453 642 511 estin
657 471 752 529 anno,

179 537 289 597 Natum
303 543 352 614 te,
374 535 483 615 Glyte,
503 554 561 595 nec
576 534 673 596 semel
686 537 809 615 putabo.

566 668 660 731 LXV.

179 784 240 843 llic
254 784 306 843 nbi
318 780 476 841 Fortunae
493 780 627 841 Reducis
642 779 794 859 fulgentia
806 778 871 841 late

223 864 356 947 Templa
369 867 487 942 nitent,
506 863 583 924 felix
597 883 668 924 area
681 883 781 943 nuper
797 871 882 939 erat;

170 952 241 1011 'Hic
258 951 347 1011 stetit
360 950 469 1009 Arctoi
483 949 636 1008 formosus
650 946 778 1028 pulvere
794 947 869 1009 belli

224 1035 418 1113 Purpureum
436 1031 570 1092 fundens
586 1033 701 1092 Caesar
716 1034 752 1091 ab
769 1051 824 1092 ore
838 1033 944 1108 inbar3

158 1119 241 1181 5Hic
255 1116 344 1177 lauru
358 1115 502 1176 redimita
516 1136 616 1177 comas
632 1122 664 1175 et
678 1115 808 1175 candida
823 1116 906 1177 culto

223 1202 320 1261 Roma
334 1198 478 1261 salutavit
491 1219 566 1260 voce
582 1217 732 1277 manuque
748 1198 847 1261 deum.

183 1286 307 1348 Grande
321 1285 383 1345 loci
397 1286 539 1343 meritum
555 1289 710 1344 testantur
724 1291 756 1342 et
771 1283 870 1355 altera
886 1284 979 1344 dona:

226 1370 294 1430 Stat
309 1387 396 1429 sacer
412 1376 444 1429 et
460 1368 583 1428 domitis
602 1369 744 1447 gentibus
761 1387 848 1427 arcus
864 1374 941 1428 ovat.

182 1454 242 1514 Hic
257 1454 371 1531 gemini
388 1473 496 1513 currus
515 1459 678 1513 numerant
693 1450 859 1530 elephanta
872 1452 1090 1531 frequentem,

142 1546 178 1598 lo
226 1536 350 1596 Sufficit
363 1537 520 1597 immensis
536 1556 645 1596 aurens
660 1538 727 1614 ipse
741 1537 829 1613 iugis.

183 1620 269 1679 Haec
284 1627 333 1680 est
349 1619 440 1697 digna
454 1621 532 1696 tuis,
555 1621 755 1695 Germanice,
777 1625 867 1698 porta
881 1619 1064 1700 triumphis,

225 1703 292 1763 Hos
308 1702 408 1763 aditus
423 1705 531 1763 urbem
546 1704 657 1763 Martis
672 1703 789 1762 habere
805 1703 905 1768 decet.

570 1835 675 1898 LXVI.

184 1952 322 2030 Angusto
338 1950 389 2029 pia
403 1955 473 2008 tura
487 1950 687 2028 victimasque

183 2036 245 2095 Pro
259 2041 363 2094 vestro
380 2033 450 2094 date
465 2033 558 2111 Silio,
582 2033 742 2093 Camenae.

185 2120 238 2179 Bis
253 2137 344 2179 senos
358 2119 446 2177 iubet
460 2136 499 2176 en
514 2116 620 2176 redire
634 2117 751 2194 fasces,

183 2202 262 2263 Nato
278 2201 419 2279 consule,
436 2200 596 2279 nobilique
610 2202 695 2279 virga

163 2286 274 2350 5Vatis
289 2285 452 2347 Castaliam
468 2285 590 2345 domum
606 2302 727 2344 sonare.

184 2371 299 2430 Rerum
313 2371 412 2450 prima
426 2368 506 2428 salus
522 2373 555 2427 et
569 2387 628 2427 una
643 2369 775 2444 Caesar,

185 2453 341 2513 Gaudenti
355 2457 499 2531 superest
513 2450 611 2510 adhuc
628 2450 709 2527 quod
725 2454 831 2530 optet,

183 2534 274 2597 Felix
288 2555 424 2616 purpura
437 2535 611 2612 tertiusque
628 2532 743 2595 consul.
779 2598 781 2603 ,

185 2619 332 2698 Pompeio
350 2619 475 2679 dederit
489 2617 565 2676 licet
580 2624 703 2676 senatus
822 2631 827 2638 ·

36 2731 39 2737 r
144 2703 227 2763 loldt
242 2703 356 2763 (laesor
371 2710 487 2781 gen'ero
502 2720 606 2761 sacros
621 2702 772 2779 honores,

187 2787 322 2862 Quorum
336 2788 480 2866 pacificus
497 2793 547 2846 ter
563 2784 718 2865 ampliavit

186 2869 274 2929 lanus
289 2872 425 2930 nomina:
448 2870 541 2931 Silius
558 2871 740 2947 frequentes

185 2952 303 3014 Mavolt
315 2954 359 3013 sic
372 2972 535 3013 numerare
552 2951 735 3013 consulatus.

564 3077 684 3141 LXVII.

185 3193 286 3253 Horas
302 3190 437 3270 quinque
451 3209 530 3270 puer
546 3193 681 3253 nondum
697 3193 754 3252 tibi
767 3192 908 3268 nunciat,
923 3195 956 3249 et
968 3192 1003 3252 tn

228 3276 289 3336 lam
304 3275 429 3335 conviva
442 3275 532 3350 mihi,
556 3276 750 3355 caeciliane,
772 3277 873 3354 venis,

188 3359 264 3420 (lum
280 3359 370 3419 modo
387 3358 565 3418 distulerint
580 3378 691 3419 raucae
704 3360 877 3420 vadimonia
892 3362 1020 3439 quartae

228 3443 271 3506 Et
283 3440 467 3506 Floralicias
480 3440 578 3505 lasset
592 3443 707 3503 harena
721 3444 813 3505 ferar.
