<?xml version="1.0" encoding="UTF-8"?>
<!DOCTYPE html PUBLIC "-//W3C//DTD XHTML 1.0 Transitional//EN"
    "http://www.w3.org/TR/xhtml1/DTD/xhtml1-transitional.dtd">
<html xmlns="http://www.w3.org/1999/xhtml" xml:lang="en" lang="en">
 <head>
  <title>
</title>
<meta http-equiv="Content-Type" content="text/html;charset=utf-8" />
  <meta name='ocr-system' content='tesseract 3.04.00' />
  <meta name='ocr-capabilities' content='ocr_page ocr_carea ocr_par ocr_line ocrx_word'/>
</head>
<body>
  <div class='ocr_page' id='page_1' title='image "./epigrammatonlib00schngoog_0169.png"; bbox 0 0 2370 3840; ppageno 0'>
   <div class='ocr_carea' id='block_1_1' title="bbox 425 207 823 275">
    <p class='ocr_par' dir='ltr' id='par_1_1' title="bbox 425 207 823 275">
     <span class='ocr_line' id='line_1_1' title="bbox 425 207 823 275; baseline 0 -3"><span class='ocrx_word' id='word_1_1' title='bbox 425 207 472 275; x_wconf 89' lang='lat' dir='ltr'><strong>M,</strong></span> <span class='ocrx_word' id='word_1_2' title='bbox 488 208 580 274; x_wconf 87' lang='lat' dir='ltr'><strong>VAL.</strong></span> <span class='ocrx_word' id='word_1_3' title='bbox 596 209 823 272; x_wconf 83' lang='lat' dir='ltr'><strong>MARTIALIS</strong></span> 
     </span>
    </p>
   </div>
   <div class='ocr_carea' id='block_1_2' title="bbox 190 413 958 610">
    <p class='ocr_par' dir='ltr' id='par_1_2' title="bbox 190 413 958 610">
     <span class='ocr_line' id='line_1_2' title="bbox 596 413 660 476; baseline 0.031 -2"><span class='ocrx_word' id='word_1_4' title='bbox 596 413 660 476; x_wconf 86' lang='lat' dir='ltr'><strong>XL.</strong></span> 
     </span>
     <span class='ocr_line' id='line_1_3' title="bbox 190 524 958 610; baseline 0.003 -22"><span class='ocrx_word' id='word_1_5' title='bbox 190 528 251 588; x_wconf 88' lang='lat' dir='ltr'><strong>Hic</strong></span> <span class='ocrx_word' id='word_1_6' title='bbox 267 528 349 589; x_wconf 88' lang='lat' dir='ltr'><strong>iacet</strong></span> <span class='ocrx_word' id='word_1_7' title='bbox 361 524 418 589; x_wconf 90' lang='lat' dir='ltr'><strong>ille</strong></span> <span class='ocrx_word' id='word_1_8' title='bbox 432 547 543 607; x_wconf 85' lang='lat' dir='ltr'><strong>senex,</strong></span> <span class='ocrx_word' id='word_1_9' title='bbox 566 530 703 607; x_wconf 87' lang='lat' dir='ltr'><strong>Augusta</strong></span> <span class='ocrx_word' id='word_1_10' title='bbox 718 534 809 589; x_wconf 86' lang='lat' dir='ltr'><strong>notus</strong></span> <span class='ocrx_word' id='word_1_11' title='bbox 824 530 858 588; x_wconf 91' lang='lat' dir='ltr'><strong>in</strong></span> <span class='ocrx_word' id='word_1_12' title='bbox 874 526 958 610; x_wconf 80' lang='lat' dir='ltr'><strong>aula,</strong></span> 
     </span>
    </p>
   </div>
   <div class='ocr_carea' id='block_1_3' title="bbox 167 611 988 1199">
    <p class='ocr_par' dir='ltr' id='par_1_3' title="bbox 189 611 988 861">
     <span class='ocr_line' id='line_1_4' title="bbox 231 611 988 693; baseline 0.003 -21"><span class='ocrx_word' id='word_1_13' title='bbox 231 611 365 673; x_wconf 84' lang='lat' dir='ltr'><strong>Pectore</strong></span> <span class='ocrx_word' id='word_1_14' title='bbox 380 633 441 673; x_wconf 91' lang='lat' dir='ltr'><strong>uon</strong></span> <span class='ocrx_word' id='word_1_15' title='bbox 456 611 565 673; x_wconf 91' lang='lat' dir='ltr'><strong>humili</strong></span> <span class='ocrx_word' id='word_1_16' title='bbox 578 633 686 693; x_wconf 85' lang='lat' dir='ltr'><strong>passus</strong></span> <span class='ocrx_word' id='word_1_17' title='bbox 701 619 865 692; x_wconf 88' lang='lat' dir='ltr'><strong>utrumque</strong></span> <span class='ocrx_word' id='word_1_18' title='bbox 881 613 988 689; x_wconf 85' lang='lat' dir='ltr'><strong>deum;</strong></span> 
     </span>
     <span class='ocr_line' id='line_1_5' title="bbox 189 693 966 778; baseline 0.003 -22"><span class='ocrx_word' id='word_1_19' title='bbox 189 693 337 758; x_wconf 91' lang='lat' dir='ltr'><strong>Natorum</strong></span> <span class='ocrx_word' id='word_1_20' title='bbox 350 699 450 778; x_wconf 84' lang='lat' dir='ltr'><strong>pietas</strong></span> <span class='ocrx_word' id='word_1_21' title='bbox 464 699 577 758; x_wconf 85' lang='lat' dir='ltr'><strong>sanctis</strong></span> <span class='ocrx_word' id='word_1_22' title='bbox 594 716 684 777; x_wconf 89' lang='lat' dir='ltr'><strong>quem</strong></span> <span class='ocrx_word' id='word_1_23' title='bbox 699 699 836 775; x_wconf 86' lang='lat' dir='ltr'><strong>coniugis</strong></span> <span class='ocrx_word' id='word_1_24' title='bbox 850 700 966 758; x_wconf 89' lang='lat' dir='ltr'><strong>umbris</strong></span> 
     </span>
     <span class='ocr_line' id='line_1_6' title="bbox 231 780 922 861; baseline 0.004 -19"><span class='ocrx_word' id='word_1_25' title='bbox 231 781 373 842; x_wconf 81' lang='lat' dir='ltr'><strong>Miscuit:</strong></span> <span class='ocrx_word' id='word_1_26' title='bbox 395 780 534 860; x_wconf 79' lang='lat' dir='ltr'><strong>Elysium</strong></span> <span class='ocrx_word' id='word_1_27' title='bbox 547 780 688 861; x_wconf 85' lang='lat' dir='ltr'><strong>possidet</strong></span> <span class='ocrx_word' id='word_1_28' title='bbox 702 783 789 841; x_wconf 89' lang='lat' dir='ltr'><strong>ambo</strong></span> <span class='ocrx_word' id='word_1_29' title='bbox 805 799 922 845; x_wconf 88' lang='lat' dir='ltr'><strong>nemus.</strong></span> 
     </span>
    </p>

    <p class='ocr_par' dir='ltr' id='par_1_4' title="bbox 167 857 898 1030">
     <span class='ocr_line' id='line_1_7' title="bbox 167 857 898 945; baseline 0 -20"><span class='ocrx_word' id='word_1_30' title='bbox 167 864 313 927; x_wconf 82' lang='lat' dir='ltr'><strong>50ccidit</strong></span> <span class='ocrx_word' id='word_1_31' title='bbox 327 864 383 925; x_wconf 85' lang='lat' dir='ltr'><strong>illa</strong></span> <span class='ocrx_word' id='word_1_32' title='bbox 396 866 484 945; x_wconf 91' lang='lat' dir='ltr'><strong>prior</strong></span> <span class='ocrx_word' id='word_1_33' title='bbox 498 865 588 924; x_wconf 85' lang='lat' dir='ltr'><strong>viridi</strong></span> <span class='ocrx_word' id='word_1_34' title='bbox 603 857 743 925; x_wconf 75' lang='lat' dir='ltr'><strong>fraudate</strong></span> <span class='ocrx_word' id='word_1_35' title='bbox 756 865 898 925; x_wconf 68' lang='lat' dir='ltr'><strong>iuventas</strong></span> 
     </span>
     <span class='ocr_line' id='line_1_8' title="bbox 230 948 883 1030; baseline 0.002 -21"><span class='ocrx_word' id='word_1_36' title='bbox 230 949 291 1009; x_wconf 90' lang='lat' dir='ltr'><strong>Hic</strong></span> <span class='ocrx_word' id='word_1_37' title='bbox 304 967 403 1030; x_wconf 83' lang='lat' dir='ltr'><strong>prope</strong></span> <span class='ocrx_word' id='word_1_38' title='bbox 417 954 468 1009; x_wconf 91' lang='lat' dir='ltr'><strong>ter</strong></span> <span class='ocrx_word' id='word_1_39' title='bbox 485 967 574 1008; x_wconf 82' lang='lat' dir='ltr'><strong>senas</strong></span> <span class='ocrx_word' id='word_1_40' title='bbox 589 950 665 1009; x_wconf 81' lang='lat' dir='ltr'><strong>vixit</strong></span> <span class='ocrx_word' id='word_1_41' title='bbox 679 948 883 1028; x_wconf 85' lang='lat' dir='ltr'><strong>Olympiadas.</strong></span> 
     </span>
    </p>

    <p class='ocr_par' dir='ltr' id='par_1_5' title="bbox 190 1031 972 1199">
     <span class='ocr_line' id='line_1_9' title="bbox 190 1031 972 1111; baseline 0 -19"><span class='ocrx_word' id='word_1_42' title='bbox 190 1032 253 1093; x_wconf 84' lang='lat' dir='ltr'><strong>Sed</strong></span> <span class='ocrx_word' id='word_1_43' title='bbox 266 1033 422 1095; x_wconf 80' lang='lat' dir='ltr'><strong>festinatis</strong></span> <span class='ocrx_word' id='word_1_44' title='bbox 436 1038 558 1111; x_wconf 85' lang='lat' dir='ltr'><strong>raptum</strong></span> <span class='ocrx_word' id='word_1_45' title='bbox 573 1033 631 1093; x_wconf 90' lang='lat' dir='ltr'><strong>tibi</strong></span> <span class='ocrx_word' id='word_1_46' title='bbox 646 1031 782 1092; x_wconf 86' lang='lat' dir='ltr'><strong>eredidit</strong></span> <span class='ocrx_word' id='word_1_47' title='bbox 796 1035 899 1111; x_wconf 89' lang='lat' dir='ltr'><strong>aunis,</strong></span> <span class='ocrx_word' id='word_1_48' title='bbox 966 1046 972 1055; x_wconf 88' lang='lat'>&#39;</span> 
     </span>
     <span class='ocr_line' id='line_1_10' title="bbox 231 1115 951 1199; baseline 0.001 -22"><span class='ocrx_word' id='word_1_49' title='bbox 231 1118 361 1199; x_wconf 76' lang='lat' dir='ltr'><strong>Aspexit</strong></span> <span class='ocrx_word' id='word_1_50' title='bbox 372 1115 514 1177; x_wconf 86' lang='lat' dir='ltr'><strong>lacrimas</strong></span> <span class='ocrx_word' id='word_1_51' title='bbox 530 1117 685 1195; x_wconf 82' lang='lat' dir='ltr'><strong>quisquis,</strong></span> <span class='ocrx_word' id='word_1_52' title='bbox 704 1116 853 1196; x_wconf 79' lang='lat' dir='ltr'><strong>Etrusco,</strong></span> <span class='ocrx_word' id='word_1_53' title='bbox 873 1123 951 1179; x_wconf 86' lang='lat' dir='ltr'><strong>tuas.</strong></span> 
     </span>
    </p>
   </div>
   <div class='ocr_carea' id='block_1_4' title="bbox 587 1250 664 1313">
    <p class='ocr_par' dir='ltr' id='par_1_6' title="bbox 587 1250 664 1313">
     <span class='ocr_line' id='line_1_11' title="bbox 587 1250 664 1313; baseline -0.026 0"><span class='ocrx_word' id='word_1_54' title='bbox 587 1250 664 1313; x_wconf 84' lang='lat' dir='ltr'><strong>XLI.</strong></span> 
     </span>
    </p>
   </div>
   <div class='ocr_carea' id='block_1_5' title="bbox 138 1367 1086 1535">
    <p class='ocr_par' dir='ltr' id='par_1_7' title="bbox 138 1367 1086 1535">
     <span class='ocr_line' id='line_1_12' title="bbox 151 1367 998 1449; baseline -0.004 -19"><span class='ocrx_word' id='word_1_55' title='bbox 151 1384 153 1388; x_wconf 90' lang='grc'><strong><em>·</em></strong></span> <span class='ocrx_word' id='word_1_56' title='bbox 189 1369 347 1430; x_wconf 75' lang='lat' dir='ltr'><strong>Cosmicos</strong></span> <span class='ocrx_word' id='word_1_57' title='bbox 364 1388 434 1430; x_wconf 84' lang='lat' dir='ltr'><strong>esse</strong></span> <span class='ocrx_word' id='word_1_58' title='bbox 450 1371 525 1448; x_wconf 83' lang='lat' dir='ltr'><strong>tibi,</strong></span> <span class='ocrx_word' id='word_1_59' title='bbox 546 1369 710 1449; x_wconf 88' lang='lat' dir='ltr'><strong>Semproni</strong></span> <span class='ocrx_word' id='word_1_60' title='bbox 724 1368 847 1447; x_wconf 86' lang='lat' dir='ltr'><strong>Tucca,</strong></span> <span class='ocrx_word' id='word_1_61' title='bbox 868 1367 998 1428; x_wconf 86' lang='lat' dir='ltr'><strong>videris:</strong></span> 
     </span>
     <span class='ocr_line' id='line_1_13' title="bbox 138 1451 1086 1535; baseline 0.001 -21"><span class='ocrx_word' id='word_1_62' title='bbox 138 1491 141 1497; x_wconf 93' lang='lat'><em>-</em></span> <span class='ocrx_word' id='word_1_63' title='bbox 230 1453 387 1532; x_wconf 76' lang='lat' dir='ltr'><strong>cosmica,</strong></span> <span class='ocrx_word' id='word_1_64' title='bbox 409 1453 589 1535; x_wconf 86' lang='lat' dir='ltr'><strong>Semproni,</strong></span> <span class='ocrx_word' id='word_1_65' title='bbox 612 1461 674 1515; x_wconf 91' lang='lat' dir='ltr'><strong>tam</strong></span> <span class='ocrx_word' id='word_1_66' title='bbox 688 1451 783 1532; x_wconf 79' lang='lat' dir='ltr'><strong>mala,</strong></span> <span class='ocrx_word' id='word_1_67' title='bbox 807 1472 896 1531; x_wconf 85' lang='lat' dir='ltr'><strong>quam</strong></span> <span class='ocrx_word' id='word_1_68' title='bbox 910 1454 991 1512; x_wconf 89' lang='lat' dir='ltr'><strong>bona</strong></span> <span class='ocrx_word' id='word_1_69' title='bbox 1005 1462 1086 1516; x_wconf 85' lang='lat' dir='ltr'><strong>sunt.</strong></span> 
     </span>
    </p>
   </div>
   <div class='ocr_carea' id='block_1_6' title="bbox 577 1588 667 1647">
    <p class='ocr_par' dir='ltr' id='par_1_8' title="bbox 577 1588 667 1647">
     <span class='ocr_line' id='line_1_14' title="bbox 577 1588 667 1647; baseline 0 0"><span class='ocrx_word' id='word_1_70' title='bbox 577 1588 667 1647; x_wconf 84' lang='lat' dir='ltr'>XLII.</span> 
     </span>
    </p>
   </div>
   <div class='ocr_carea' id='block_1_7' title="bbox 165 1694 1104 2201">
    <p class='ocr_par' dir='ltr' id='par_1_9' title="bbox 165 1694 1104 2201">
     <span class='ocr_line' id='line_1_15' title="bbox 189 1694 957 1776; baseline -0.007 -15"><span class='ocrx_word' id='word_1_71' title='bbox 189 1699 372 1761; x_wconf 84' lang='lat' dir='ltr'><strong>Muneribus</strong></span> <span class='ocrx_word' id='word_1_72' title='bbox 390 1697 493 1776; x_wconf 87' lang='lat' dir='ltr'><strong>cupiat</strong></span> <span class='ocrx_word' id='word_1_73' title='bbox 507 1698 534 1757; x_wconf 88' lang='lat' dir='ltr'><strong>si</strong></span> <span class='ocrx_word' id='word_1_74' title='bbox 549 1698 617 1775; x_wconf 92' lang='lat' dir='ltr'><strong>quis</strong></span> <span class='ocrx_word' id='word_1_75' title='bbox 633 1694 824 1757; x_wconf 83' lang='lat' dir='ltr'><strong>contendere</strong></span> <span class='ocrx_word' id='word_1_76' title='bbox 838 1703 957 1776; x_wconf 82' lang='lat' dir='ltr'><strong>tecum,</strong></span> 
     </span>
     <span class='ocr_line' id='line_1_16' title="bbox 229 1780 938 1860; baseline 0 -18"><span class='ocrx_word' id='word_1_77' title='bbox 229 1780 352 1842; x_wconf 84' lang='lat' dir='ltr'><strong>Audeat</strong></span> <span class='ocrx_word' id='word_1_78' title='bbox 365 1781 417 1839; x_wconf 91' lang='lat' dir='ltr'><strong>hic</strong></span> <span class='ocrx_word' id='word_1_79' title='bbox 432 1782 541 1860; x_wconf 85' lang='lat' dir='ltr'><strong>etiam,</strong></span> <span class='ocrx_word' id='word_1_80' title='bbox 563 1782 721 1860; x_wconf 81' lang='lat' dir='ltr'><strong>castrice,</strong></span> <span class='ocrx_word' id='word_1_81' title='bbox 744 1783 938 1842; x_wconf 86' lang='lat' dir='ltr'><strong>carminibus.</strong></span> 
     </span>
     <span class='ocr_line' id='line_1_17' title="bbox 185 1865 975 1946; baseline -0.004 -19"><span class='ocrx_word' id='word_1_82' title='bbox 185 1865 249 1927; x_wconf 84' lang='lat' dir='ltr'><strong>Nor</strong></span> <span class='ocrx_word' id='word_1_83' title='bbox 264 1872 374 1940; x_wconf 64' lang='lat' dir='ltr'><strong>temus</strong></span> <span class='ocrx_word' id='word_1_84' title='bbox 389 1867 422 1924; x_wconf 93' lang='lat' dir='ltr'><strong>iu</strong></span> <span class='ocrx_word' id='word_1_85' title='bbox 437 1871 569 1945; x_wconf 89' lang='lat' dir='ltr'><strong>utroque</strong></span> <span class='ocrx_word' id='word_1_86' title='bbox 587 1885 689 1925; x_wconf 90' lang='lat' dir='ltr'><strong>sumus</strong></span> <span class='ocrx_word' id='word_1_87' title='bbox 703 1867 845 1944; x_wconf 85' lang='lat' dir='ltr'><strong>vincique</strong></span> <span class='ocrx_word' id='word_1_88' title='bbox 859 1867 975 1946; x_wconf 87' lang='lat' dir='ltr'><strong>parati:</strong></span> 
     </span>
     <span class='ocr_line' id='line_1_18' title="bbox 228 1948 868 2031; baseline 0.002 -21"><span class='ocrx_word' id='word_1_89' title='bbox 228 1949 304 2010; x_wconf 89' lang='lat' dir='ltr'><strong>Inde</strong></span> <span class='ocrx_word' id='word_1_90' title='bbox 320 1968 413 2031; x_wconf 91' lang='lat' dir='ltr'><strong>sopor</strong></span> <span class='ocrx_word' id='word_1_91' title='bbox 427 1950 516 2010; x_wconf 87' lang='lat' dir='ltr'><strong>uobis</strong></span> <span class='ocrx_word' id='word_1_92' title='bbox 532 1955 564 2010; x_wconf 91' lang='lat' dir='ltr'><strong>et</strong></span> <span class='ocrx_word' id='word_1_93' title='bbox 577 1948 682 2029; x_wconf 88' lang='lat' dir='ltr'><strong>placet</strong></span> <span class='ocrx_word' id='word_1_94' title='bbox 696 1948 757 2010; x_wconf 86' lang='lat' dir='ltr'><strong>altu</strong></span> <span class='ocrx_word' id='word_1_95' title='bbox 771 1951 868 2029; x_wconf 82' lang='lat' dir='ltr'><strong>quies.</strong></span> 
     </span>
     <span class='ocr_line' id='line_1_19' title="bbox 165 2031 1104 2114; baseline -0.001 -19"><span class='ocrx_word' id='word_1_96' title='bbox 165 2032 267 2096; x_wconf 75' lang='lat' dir='ltr'><strong>oTam</strong></span> <span class='ocrx_word' id='word_1_97' title='bbox 283 2031 362 2094; x_wconf 88' lang='lat' dir='ltr'><strong>mala</strong></span> <span class='ocrx_word' id='word_1_98' title='bbox 376 2053 431 2093; x_wconf 90' lang='lat' dir='ltr'><strong>cur</strong></span> <span class='ocrx_word' id='word_1_99' title='bbox 444 2033 540 2113; x_wconf 86' lang='lat' dir='ltr'><strong>igitur</strong></span> <span class='ocrx_word' id='word_1_100' title='bbox 555 2033 694 2095; x_wconf 85' lang='lat' dir='ltr'><strong>dederim</strong></span> <span class='ocrx_word' id='word_1_101' title='bbox 711 2035 768 2095; x_wconf 91' lang='lat' dir='ltr'><strong>tibi</strong></span> <span class='ocrx_word' id='word_1_102' title='bbox 783 2035 933 2114; x_wconf 87' lang='lat' dir='ltr'><strong>carmina,</strong></span> <span class='ocrx_word' id='word_1_103' title='bbox 956 2034 1104 2114; x_wconf 76' lang='lat' dir='ltr'><strong>quaeris?</strong></span> 
     </span>
     <span class='ocr_line' id='line_1_20' title="bbox 227 2114 852 2201; baseline 0.002 -23"><span class='ocrx_word' id='word_1_104' title='bbox 227 2117 356 2178; x_wconf 83' lang='lat' dir='ltr'><strong>Alcinoo</strong></span> <span class='ocrx_word' id='word_1_105' title='bbox 370 2114 488 2179; x_wconf 92' lang='lat' dir='ltr'><strong>nullum</strong></span> <span class='ocrx_word' id='word_1_106' title='bbox 501 2139 591 2201; x_wconf 83' lang='lat' dir='ltr'><strong>poma</strong></span> <span class='ocrx_word' id='word_1_107' title='bbox 604 2116 727 2179; x_wconf 84' lang='lat' dir='ltr'><strong>dedisse</strong></span> <span class='ocrx_word' id='word_1_108' title='bbox 741 2119 852 2198; x_wconf 72' lang='lat' dir='ltr'><strong>putas?</strong></span> 
     </span>
    </p>
   </div>
   <div class='ocr_carea' id='block_1_8' title="bbox 565 2253 668 2314">
    <p class='ocr_par' dir='ltr' id='par_1_10' title="bbox 565 2253 668 2314">
     <span class='ocr_line' id='line_1_21' title="bbox 565 2253 668 2314; baseline 0 0"><span class='ocrx_word' id='word_1_109' title='bbox 565 2253 668 2314; x_wconf 86' lang='lat' dir='ltr'><strong>XLlll.</strong></span> 
     </span>
    </p>
   </div>
   <div class='ocr_carea' id='block_1_9' title="bbox 184 2366 1115 2703">
    <p class='ocr_par' dir='ltr' id='par_1_11' title="bbox 184 2366 1115 2703">
     <span class='ocr_line' id='line_1_22' title="bbox 184 2366 1115 2451; baseline 0 -23"><span class='ocrx_word' id='word_1_110' title='bbox 184 2367 321 2429; x_wconf 84' lang='lat' dir='ltr'><strong>Primum</strong></span> <span class='ocrx_word' id='word_1_111' title='bbox 335 2374 397 2448; x_wconf 87' lang='lat' dir='ltr'><strong>est,</strong></span> <span class='ocrx_word' id='word_1_112' title='bbox 419 2374 453 2429; x_wconf 94' lang='lat' dir='ltr'><strong>ut</strong></span> <span class='ocrx_word' id='word_1_113' title='bbox 466 2375 624 2451; x_wconf 79' lang='lat' dir='ltr'><strong>praestes,</strong></span> <span class='ocrx_word' id='word_1_114' title='bbox 647 2370 674 2429; x_wconf 88' lang='lat' dir='ltr'><strong>si</strong></span> <span class='ocrx_word' id='word_1_115' title='bbox 688 2366 763 2448; x_wconf 82' lang='lat' dir='ltr'><strong>quid</strong></span> <span class='ocrx_word' id='word_1_116' title='bbox 776 2373 826 2445; x_wconf 91' lang='lat' dir='ltr'><strong>te,</strong></span> <span class='ocrx_word' id='word_1_117' title='bbox 848 2368 961 2444; x_wconf 78' lang='lat' dir='ltr'><strong>Cinna,</strong></span> <span class='ocrx_word' id='word_1_118' title='bbox 982 2367 1115 2445; x_wconf 63' lang='lat' dir='ltr'><strong>rogabo}</strong></span> 
     </span>
     <span class='ocr_line' id='line_1_23' title="bbox 226 2450 1012 2532; baseline -0.003 -18"><span class='ocrx_word' id='word_1_119' title='bbox 226 2450 306 2514; x_wconf 82' lang='lat' dir='ltr'><strong>sslud</strong></span> <span class='ocrx_word' id='word_1_120' title='bbox 321 2452 435 2514; x_wconf 86' lang='lat' dir='ltr'><strong>deinde</strong></span> <span class='ocrx_word' id='word_1_121' title='bbox 451 2472 600 2532; x_wconf 88' lang='lat' dir='ltr'><strong>sequens,</strong></span> <span class='ocrx_word' id='word_1_122' title='bbox 622 2457 657 2511; x_wconf 86' lang='lat' dir='ltr'><strong>ut</strong></span> <span class='ocrx_word' id='word_1_123' title='bbox 671 2453 750 2529; x_wconf 89' lang='lat' dir='ltr'><strong>cito,</strong></span> <span class='ocrx_word' id='word_1_124' title='bbox 772 2452 886 2527; x_wconf 78' lang='lat' dir='ltr'><strong>Cinna,</strong></span> <span class='ocrx_word' id='word_1_125' title='bbox 907 2468 1012 2528; x_wconf 90' lang='lat' dir='ltr'><strong>neges.</strong></span> 
     </span>
     <span class='ocr_line' id='line_1_24' title="bbox 184 2533 1029 2618; baseline -0.006 -21"><span class='ocrx_word' id='word_1_126' title='bbox 184 2534 286 2617; x_wconf 82' lang='lat' dir='ltr'><strong>Diligo</strong></span> <span class='ocrx_word' id='word_1_127' title='bbox 300 2544 526 2618; x_wconf 66' lang='lat' dir='ltr'><strong>praestantem</strong></span> <span class='ocrx_word' id='word_1_128' title='bbox 546 2555 609 2596; x_wconf 92' lang='lat' dir='ltr'><strong>non</strong></span> <span class='ocrx_word' id='word_1_129' title='bbox 624 2533 693 2612; x_wconf 88' lang='lat' dir='ltr'><strong>odi,</strong></span> <span class='ocrx_word' id='word_1_130' title='bbox 714 2535 829 2611; x_wconf 81' lang='lat' dir='ltr'><strong>Cinna,</strong></span> <span class='ocrx_word' id='word_1_131' title='bbox 850 2540 1029 2613; x_wconf 79' lang='lat' dir='ltr'><strong>negantem:</strong></span> 
     </span>
     <span class='ocr_line' id='line_1_25' title="bbox 227 2619 1007 2703; baseline -0.004 -22"><span class='ocrx_word' id='word_1_132' title='bbox 227 2621 290 2682; x_wconf 86' lang='lat' dir='ltr'><strong>Sed</strong></span> <span class='ocrx_word' id='word_1_133' title='bbox 304 2629 338 2682; x_wconf 92' lang='lat' dir='ltr'><strong>tu</strong></span> <span class='ocrx_word' id='word_1_134' title='bbox 351 2640 410 2682; x_wconf 90' lang='lat' dir='ltr'><strong>nec</strong></span> <span class='ocrx_word' id='word_1_135' title='bbox 423 2625 578 2703; x_wconf 86' lang='lat' dir='ltr'><strong>praestas,</strong></span> <span class='ocrx_word' id='word_1_136' title='bbox 596 2636 655 2678; x_wconf 91' lang='lat' dir='ltr'><strong>nec</strong></span> <span class='ocrx_word' id='word_1_137' title='bbox 670 2619 749 2696; x_wconf 85' lang='lat' dir='ltr'><strong>cito,</strong></span> <span class='ocrx_word' id='word_1_138' title='bbox 769 2619 884 2696; x_wconf 82' lang='lat' dir='ltr'><strong>cinna,</strong></span> <span class='ocrx_word' id='word_1_139' title='bbox 904 2636 1007 2696; x_wconf 89' lang='lat' dir='ltr'><strong>negas.</strong></span> 
     </span>
    </p>
   </div>
   <div class='ocr_carea' id='block_1_10' title="bbox 569 2751 677 2816">
    <p class='ocr_par' dir='ltr' id='par_1_12' title="bbox 569 2751 677 2816">
     <span class='ocr_line' id='line_1_26' title="bbox 569 2751 677 2816; baseline -0.019 -2"><span class='ocrx_word' id='word_1_140' title='bbox 569 2751 677 2816; x_wconf 84' lang='lat' dir='ltr'>XLIV.</span> 
     </span>
    </p>
   </div>
   <div class='ocr_carea' id='block_1_11' title="bbox 161 2863 1050 3539">
    <p class='ocr_par' dir='ltr' id='par_1_13' title="bbox 184 2863 1050 3029">
     <span class='ocr_line' id='line_1_27' title="bbox 184 2863 973 2946; baseline 0.003 -20"><span class='ocrx_word' id='word_1_141' title='bbox 184 2867 334 2927; x_wconf 79' lang='lat' dir='ltr'><strong>Maximus</strong></span> <span class='ocrx_word' id='word_1_142' title='bbox 346 2863 402 2926; x_wconf 87' lang='lat' dir='ltr'><strong>ille</strong></span> <span class='ocrx_word' id='word_1_143' title='bbox 418 2872 503 2945; x_wconf 84' lang='lat' dir='ltr'><strong>tuus,</strong></span> <span class='ocrx_word' id='word_1_144' title='bbox 527 2866 635 2946; x_wconf 80' lang='lat' dir='ltr'><strong>ovidi,</strong></span> <span class='ocrx_word' id='word_1_145' title='bbox 658 2866 826 2928; x_wconf 78' lang='lat' dir='ltr'><strong>caesonius</strong></span> <span class='ocrx_word' id='word_1_146' title='bbox 841 2866 893 2927; x_wconf 88' lang='lat' dir='ltr'><strong>hie</strong></span> <span class='ocrx_word' id='word_1_147' title='bbox 908 2873 973 2945; x_wconf 91' lang='lat' dir='ltr'><strong>est,</strong></span> 
     </span>
     <span class='ocr_line' id='line_1_28' title="bbox 226 2948 1050 3029; baseline 0.001 -19"><span class='ocrx_word' id='word_1_148' title='bbox 226 2951 320 3010; x_wconf 80' lang='lat' dir='ltr'><strong>Cuius</strong></span> <span class='ocrx_word' id='word_1_149' title='bbox 335 2948 434 3010; x_wconf 86' lang='lat' dir='ltr'><strong>adhue</strong></span> <span class='ocrx_word' id='word_1_150' title='bbox 448 2948 563 3011; x_wconf 78' lang='lat' dir='ltr'><strong>voltum</strong></span> <span class='ocrx_word' id='word_1_151' title='bbox 577 2951 677 3012; x_wconf 83' lang='lat' dir='ltr'><strong>vivida</strong></span> <span class='ocrx_word' id='word_1_152' title='bbox 692 2970 764 3013; x_wconf 87' lang='lat' dir='ltr'><strong>cero</strong></span> <span class='ocrx_word' id='word_1_153' title='bbox 777 2957 873 3012; x_wconf 85' lang='lat' dir='ltr'><strong>tenet.</strong></span> <span class='ocrx_word' id='word_1_154' title='bbox 1047 3025 1050 3029; x_wconf 80' lang='lat'>.</span> 
     </span>
    </p>

    <p class='ocr_par' dir='ltr' id='par_1_14' title="bbox 182 3032 1012 3201">
     <span class='ocr_line' id='line_1_29' title="bbox 182 3032 1012 3097; baseline 0.004 -4"><span class='ocrx_word' id='word_1_155' title='bbox 182 3033 273 3094; x_wconf 91' lang='lat' dir='ltr'><strong>Hunc</strong></span> <span class='ocrx_word' id='word_1_156' title='bbox 288 3032 371 3094; x_wconf 81' lang='lat' dir='ltr'><strong>Nero</strong></span> <span class='ocrx_word' id='word_1_157' title='bbox 391 3032 557 3096; x_wconf 85' lang='lat' dir='ltr'><strong>darnuavit:</strong></span> <span class='ocrx_word' id='word_1_158' title='bbox 578 3035 634 3097; x_wconf 86' lang='lat' dir='ltr'><strong>sed</strong></span> <span class='ocrx_word' id='word_1_159' title='bbox 646 3044 680 3097; x_wconf 90' lang='lat' dir='ltr'><strong>tu</strong></span> <span class='ocrx_word' id='word_1_160' title='bbox 696 3035 840 3097; x_wconf 86' lang='lat' dir='ltr'><strong>damnare</strong></span> <span class='ocrx_word' id='word_1_161' title='bbox 855 3033 1012 3097; x_wconf 86' lang='lat' dir='ltr'><strong>Neronem</strong></span> 
     </span>
     <span class='ocr_line' id='line_1_30' title="bbox 225 3118 942 3201; baseline 0.01 -24"><span class='ocrx_word' id='word_1_162' title='bbox 225 3118 327 3178; x_wconf 89' lang='lat' dir='ltr'><strong>Ausus</strong></span> <span class='ocrx_word' id='word_1_163' title='bbox 343 3136 376 3178; x_wconf 89' lang='lat' dir='ltr'><strong>es</strong></span> <span class='ocrx_word' id='word_1_164' title='bbox 391 3124 424 3179; x_wconf 93' lang='lat' dir='ltr'><strong>et</strong></span> <span class='ocrx_word' id='word_1_165' title='bbox 437 3119 579 3200; x_wconf 80' lang='lat' dir='ltr'><strong>profugi,</strong></span> <span class='ocrx_word' id='word_1_166' title='bbox 601 3141 664 3182; x_wconf 91' lang='lat' dir='ltr'><strong>non</strong></span> <span class='ocrx_word' id='word_1_167' title='bbox 676 3127 745 3201; x_wconf 87' lang='lat' dir='ltr'><strong>tua,</strong></span> <span class='ocrx_word' id='word_1_168' title='bbox 765 3123 831 3181; x_wconf 85' lang='lat' dir='ltr'><strong>fata</strong></span> <span class='ocrx_word' id='word_1_169' title='bbox 844 3123 942 3199; x_wconf 85' lang='lat' dir='ltr'><strong>sequi.</strong></span> 
     </span>
    </p>

    <p class='ocr_par' dir='ltr' id='par_1_15' title="bbox 161 3201 999 3285">
     <span class='ocr_line' id='line_1_31' title="bbox 161 3201 999 3285; baseline 0 -21"><span class='ocrx_word' id='word_1_170' title='bbox 161 3202 330 3282; x_wconf 75' lang='lat' dir='ltr'><strong>bAequora</strong></span> <span class='ocrx_word' id='word_1_171' title='bbox 345 3221 404 3283; x_wconf 88' lang='lat' dir='ltr'><strong>per</strong></span> <span class='ocrx_word' id='word_1_172' title='bbox 420 3201 543 3281; x_wconf 82' lang='lat' dir='ltr'><strong>Scyllae</strong></span> <span class='ocrx_word' id='word_1_173' title='bbox 558 3224 683 3285; x_wconf 86' lang='lat' dir='ltr'><strong>magnus</strong></span> <span class='ocrx_word' id='word_1_174' title='bbox 699 3225 803 3267; x_wconf 85' lang='lat' dir='ltr'><strong>eomes</strong></span> <span class='ocrx_word' id='word_1_175' title='bbox 818 3205 915 3265; x_wconf 82' lang='lat' dir='ltr'><strong>exulis</strong></span> <span class='ocrx_word' id='word_1_176' title='bbox 928 3204 999 3283; x_wconf 80' lang='lat' dir='ltr'><strong>isti,</strong></span> 
     </span>
    </p>

    <p class='ocr_par' dir='ltr' id='par_1_16' title="bbox 225 3284 883 3363">
     <span class='ocr_line' id='line_1_32' title="bbox 225 3284 883 3363; baseline 0.008 -17"><span class='ocrx_word' id='word_1_177' title='bbox 225 3286 286 3363; x_wconf 78' lang='lat' dir='ltr'><strong>Qui</strong></span> <span class='ocrx_word' id='word_1_178' title='bbox 299 3285 390 3347; x_wconf 87' lang='lat' dir='ltr'><strong>modo</strong></span> <span class='ocrx_word' id='word_1_179' title='bbox 404 3284 547 3348; x_wconf 86' lang='lat' dir='ltr'><strong>nolueras</strong></span> <span class='ocrx_word' id='word_1_180' title='bbox 562 3289 697 3350; x_wconf 91' lang='lat' dir='ltr'><strong>consulis</strong></span> <span class='ocrx_word' id='word_1_181' title='bbox 711 3292 756 3351; x_wconf 89' lang='lat' dir='ltr'><strong>ire</strong></span> <span class='ocrx_word' id='word_1_182' title='bbox 771 3307 883 3351; x_wconf 87' lang='lat' dir='ltr'><strong>comes.</strong></span> 
     </span>
    </p>

    <p class='ocr_par' dir='ltr' id='par_1_17' title="bbox 183 3368 902 3539">
     <span class='ocr_line' id='line_1_33' title="bbox 183 3368 902 3435; baseline 0.006 -5"><span class='ocrx_word' id='word_1_183' title='bbox 183 3368 217 3430; x_wconf 86' lang='lat' dir='ltr'><strong>Si</strong></span> <span class='ocrx_word' id='word_1_184' title='bbox 230 3371 348 3432; x_wconf 83' lang='lat' dir='ltr'><strong>victura</strong></span> <span class='ocrx_word' id='word_1_185' title='bbox 362 3372 438 3433; x_wconf 91' lang='lat' dir='ltr'><strong>meis</strong></span> <span class='ocrx_word' id='word_1_186' title='bbox 452 3370 635 3433; x_wconf 87' lang='lat' dir='ltr'><strong>mandantur</strong></span> <span class='ocrx_word' id='word_1_187' title='bbox 650 3377 774 3435; x_wconf 86' lang='lat' dir='ltr'><strong>nomina</strong></span> <span class='ocrx_word' id='word_1_188' title='bbox 787 3374 902 3434; x_wconf 85' lang='lat' dir='ltr'><strong>chartis</strong></span> 
     </span>
     <span class='ocr_line' id='line_1_34' title="bbox 225 3455 849 3539; baseline 0.003 -21"><span class='ocrx_word' id='word_1_189' title='bbox 225 3455 267 3518; x_wconf 78' lang='lat' dir='ltr'><strong>Et</strong></span> <span class='ocrx_word' id='word_1_190' title='bbox 280 3455 327 3516; x_wconf 85' lang='lat' dir='ltr'><strong>ias</strong></span> <span class='ocrx_word' id='word_1_191' title='bbox 341 3463 391 3517; x_wconf 84' lang='lat' dir='ltr'><strong>est</strong></span> <span class='ocrx_word' id='word_1_192' title='bbox 407 3458 506 3519; x_wconf 85' lang='lat' dir='ltr'><strong>cineri</strong></span> <span class='ocrx_word' id='word_1_193' title='bbox 518 3475 568 3518; x_wconf 93' lang='lat' dir='ltr'><strong>me</strong></span> <span class='ocrx_word' id='word_1_194' title='bbox 584 3476 748 3539; x_wconf 85' lang='lat' dir='ltr'><strong>superesse</strong></span> <span class='ocrx_word' id='word_1_195' title='bbox 764 3477 849 3520; x_wconf 87' lang='lat' dir='ltr'><strong>meo:</strong></span> 
     </span>
    </p>
   </div>
   <div class='ocr_carea' id='block_1_12' title="bbox 0 0 1190 3840">
    <p class='ocr_par' dir='ltr' id='par_1_18' title="bbox 0 0 1190 3840">
     <span class='ocr_line' id='line_1_35' title="bbox 0 0 1190 3840; baseline 0 0"><span class='ocrx_word' id='word_1_196' title='bbox 0 0 1190 3840; x_wconf 95' lang='lat' dir='ltr'><strong> </strong></span> 
     </span>
    </p>
   </div>
  </div>
 </body>
</html>
