2370 3840
270 214 609 278 EPIGRAMMATON
623 214 695 275 ΗΒ.
712 213 792 277 XIV.
988 213 1051 277 333

321 419 426 483 cxiv.
450 417 577 479 Patella
596 417 746 478 Cumano.

94 519 181 580 lianc
196 518 253 577 tibi
268 518 422 577 Cumanae
437 516 638 579 rubicundam
652 514 781 595 pulvere
796 521 897 577 testae

135 602 326 682 Municipem
341 603 424 660 misit
438 607 522 661 casta
535 598 655 679 Sibylla
670 619 763 658 suain.

361 737 454 799 CXV.
481 736 601 797 Geticas
614 735 712 796 citrei.

93 836 215 915 Aspicis
231 836 387 914 ingenium
402 833 482 894 Nili:
506 836 615 914 quibus
630 832 747 894 addere
761 832 852 913 plura

135 921 212 979 Dum
229 920 330 998 cupit,
349 920 388 978 ab
404 921 547 998 quotiens
561 916 701 1000 perdidit
714 924 821 978 auctor
834 916 925 998 opus!

333 1052 438 1115 cxvi.
463 1052 596 1133 Lagona
607 1053 737 1114 nivaria.

95 1151 257 1233 Spoletina
271 1153 352 1213 bibis
366 1150 415 1212 vel
431 1152 544 1213 Marsis
560 1150 683 1211 condita
696 1149 796 1210 cellis.

137 1239 204 1314 Quo
218 1237 276 1297 tibi
292 1236 439 1297 decoctae
456 1235 559 1296 nobile
574 1236 672 1314 frigus
690 1234 809 1314 aquae?

418 1368 537 1430 CXVII.
560 1368 657 1429 Idem.

95 1468 163 1528 Non
177 1473 287 1547 potare
301 1469 416 1539 nivem,
439 1465 497 1527 sed
510 1487 618 1546 aquam
631 1472 741 1546 potare
754 1473 913 1529 recentem

136 1553 182 1612 De
197 1553 267 1611 nive
283 1558 454 1613 commenta
467 1557 517 1612 est
530 1552 691 1630 ingeniosa
703 1552 779 1612 sitis.

408 1686 540 1750 cxvur.
564 1685 660 1761 ram.

95 1785 255 1848 Massiliae
269 1787 369 1846 fumos
384 1787 516 1845 miscere
533 1782 684 1845 nivalibus
698 1785 789 1847 undis

90 1880 91 1887 ’
137 1872 253 1950 Parce,
275 1889 370 1950 puer,
392 1876 568 1929 constetne
583 1869 641 1928 tibi
655 1868 753 1950 pluris
770 1890 855 1949 aqua.
961 1929 964 1932 ,

343 2001 447 2062 cxlx.
472 2001 731 2080 Matelluflcta'la'a.

95 2103 173 2163 Dum
187 2121 299 2182 poscor
315 2101 436 2182 crepitu
450 2099 616 2177 digitorum
632 2107 664 2160 et
678 2120 773 2162 verna
785 2106 939 2180 moratur,

139 2188 164 2246 0
183 2187 326 2267 quotiens
339 2183 444 2264 pellex
460 2181 573 2243 culcita
587 2185 669 2244 iacta
684 2204 753 2245 mea
768 2186 832 2246 est!

328 2318 419 2382 CXX.
441 2317 559 2399 Ligula
575 2326 737 2400 argenteo.

97 2421 239 2498 Quamvis
254 2438 303 2479 me
316 2417 442 2496 ligulam
458 2417 563 2477 dicant
577 2419 761 2496 equitesque
778 2424 961 2499 patresque,

138 2504 233 2564 Dicor
248 2506 284 2564 ab
299 2502 433 2563 indoctis
448 2499 566 2581 lingula
582 2503 796 2580 grammaticis.

374 2637 480 2698 CXXI.
505 2636 680 2699 Oocbteora.

98 2736 172 2798 Sum
186 2734 321 2797 cochleis
337 2736 467 2814 habilis,
490 2735 546 2795 red
564 2754 621 2795 nec
636 2737 736 2795 minus
751 2734 837 2797 utilis
851 2737 926 2796 ovis.

138 2819 295 2897 Numquid
309 2822 388 2897 scis,
409 2821 512 2900 potius
527 2839 582 2878 cur
597 2817 761 2881 cochleare
776 2821 892 2881 vocor?

414 2952 533 3013 cxxii.
557 2954 666 3014 Anuli.

98 3056 181 3116 Ante
195 3055 361 3135 frequens,
384 3054 442 3116 sed
456 3075 537 3116 nunc
551 3054 638 3115 rarus
654 3075 709 3115 nos
724 3054 819 3116 donat
834 3054 957 3115 amicus.

142 3138 248 3219 Felix,
269 3141 318 3199 cui
334 3158 435 3200 comes
452 3147 577 3200 estnon
596 3138 713 3200 alicnus
728 3157 833 3219 eques.

340 3274 472 3336 cxxiii.
495 3274 739 3355 Dactyliotheca.

100 3371 200 3453 Saepe
216 3375 315 3454 gravis
331 3372 435 3453 digitis
452 3373 585 3434 elabitur
599 3371 707 3432 anulus
721 3371 840 3448 unctis,

144 3457 225 3517 Tuta
238 3476 306 3518 mea
320 3459 376 3520 fiet
392 3457 450 3520 sed
463 3465 518 3520 tua
532 3476 655 3540 gemma
664 3455 746 3517 inde.
