<?xml version="1.0" encoding="UTF-8"?>
<!DOCTYPE html PUBLIC "-//W3C//DTD XHTML 1.0 Transitional//EN"
    "http://www.w3.org/TR/xhtml1/DTD/xhtml1-transitional.dtd">
<html xmlns="http://www.w3.org/1999/xhtml" xml:lang="en" lang="en">
 <head>
  <title>
</title>
<meta http-equiv="Content-Type" content="text/html;charset=utf-8" />
  <meta name='ocr-system' content='tesseract 3.04.00' />
  <meta name='ocr-capabilities' content='ocr_page ocr_carea ocr_par ocr_line ocrx_word'/>
</head>
<body>
  <div class='ocr_page' id='page_1' title='image "./epigrammatonlib00schngoog_0258.png"; bbox 0 0 2370 3840; ppageno 0'>
   <div class='ocr_carea' id='block_1_1' title="bbox 325 213 803 278">
    <p class='ocr_par' dir='ltr' id='par_1_1' title="bbox 325 213 803 278">
     <span class='ocr_line' id='line_1_1' title="bbox 325 213 803 278; baseline 0.008 -6"><span class='ocrx_word' id='word_1_1' title='bbox 325 213 663 275; x_wconf 80' lang='lat' dir='ltr'><strong>EPIGRAMMATON</strong></span> <span class='ocrx_word' id='word_1_2' title='bbox 678 216 751 278; x_wconf 88' lang='lat' dir='ltr'><strong>LlB.</strong></span> <span class='ocrx_word' id='word_1_3' title='bbox 766 217 803 278; x_wconf 84' lang='lat' dir='ltr'><strong>X.</strong></span> 
     </span>
    </p>
   </div>
   <div class='ocr_carea' id='block_1_2' title="bbox 103 362 931 527">
    <p class='ocr_par' dir='ltr' id='par_1_2' title="bbox 103 362 931 527">
     <span class='ocr_line' id='line_1_2' title="bbox 103 362 931 448; baseline 0.002 -20"><span class='ocrx_word' id='word_1_4' title='bbox 103 364 292 441; x_wconf 72' lang='lat' dir='ltr'><strong>slunonem,</strong></span> <span class='ocrx_word' id='word_1_5' title='bbox 313 362 486 443; x_wconf 82' lang='lat' dir='ltr'><strong>Polyclite,</strong></span> <span class='ocrx_word' id='word_1_6' title='bbox 509 385 593 425; x_wconf 89' lang='lat' dir='ltr'><strong>suam</strong></span> <span class='ocrx_word' id='word_1_7' title='bbox 608 368 668 426; x_wconf 90' lang='lat' dir='ltr'><strong>uisi</strong></span> <span class='ocrx_word' id='word_1_8' title='bbox 685 367 784 428; x_wconf 87' lang='lat' dir='ltr'><strong>frater</strong></span> <span class='ocrx_word' id='word_1_9' title='bbox 799 375 931 448; x_wconf 80' lang='lat' dir='ltr'><strong>amaret,</strong></span> 
     </span>
     <span class='ocr_line' id='line_1_3' title="bbox 169 449 793 527; baseline 0.006 -18"><span class='ocrx_word' id='word_1_10' title='bbox 169 450 315 509; x_wconf 85' lang='lat' dir='ltr'><strong>lunonem</strong></span> <span class='ocrx_word' id='word_1_11' title='bbox 330 454 454 527; x_wconf 88' lang='lat' dir='ltr'><strong>poterat</strong></span> <span class='ocrx_word' id='word_1_12' title='bbox 470 449 569 509; x_wconf 85' lang='lat' dir='ltr'><strong>frater</strong></span> <span class='ocrx_word' id='word_1_13' title='bbox 586 468 688 510; x_wconf 86' lang='lat' dir='ltr'><strong>amare</strong></span> <span class='ocrx_word' id='word_1_14' title='bbox 702 457 793 514; x_wconf 89' lang='lat' dir='ltr'><strong>tuam.</strong></span> 
     </span>
    </p>
   </div>
   <div class='ocr_carea' id='block_1_3' title="bbox 527 582 593 644">
    <p class='ocr_par' dir='ltr' id='par_1_3' title="bbox 527 582 593 644">
     <span class='ocr_line' id='line_1_4' title="bbox 527 582 593 644; baseline -0.045 0"><span class='ocrx_word' id='word_1_15' title='bbox 527 582 593 644; x_wconf 78' lang='lat' dir='ltr'><strong>XC.</strong></span> 
     </span>
    </p>
   </div>
   <div class='ocr_carea' id='block_1_4' title="bbox 86 691 780 1507">
    <p class='ocr_par' dir='ltr' id='par_1_4' title="bbox 128 691 780 772">
     <span class='ocr_line' id='line_1_5' title="bbox 128 691 780 772; baseline 0.006 -20"><span class='ocrx_word' id='word_1_16' title='bbox 128 693 209 769; x_wconf 76' lang='lat' dir='ltr'><strong>Quid</strong></span> <span class='ocrx_word' id='word_1_17' title='bbox 225 691 313 752; x_wconf 89' lang='lat' dir='ltr'><strong>vellis</strong></span> <span class='ocrx_word' id='word_1_18' title='bbox 327 691 480 771; x_wconf 79' lang='lat' dir='ltr'><strong>vetulum,</strong></span> <span class='ocrx_word' id='word_1_19' title='bbox 501 693 605 772; x_wconf 82' lang='lat' dir='ltr'><strong>Ligia,</strong></span> <span class='ocrx_word' id='word_1_20' title='bbox 627 696 780 755; x_wconf 70' lang='lat' dir='ltr'><strong>cunnum?</strong></span> 
     </span>
    </p>

    <p class='ocr_par' dir='ltr' id='par_1_5' title="bbox 129 776 668 852">
     <span class='ocr_line' id='line_1_6' title="bbox 129 776 668 852; baseline 0.004 -16"><span class='ocrx_word' id='word_1_21' title='bbox 129 777 210 852; x_wconf 80' lang='lat' dir='ltr'><strong>Quid</strong></span> <span class='ocrx_word' id='word_1_22' title='bbox 224 777 306 835; x_wconf 89' lang='lat' dir='ltr'><strong>busti</strong></span> <span class='ocrx_word' id='word_1_23' title='bbox 321 777 443 836; x_wconf 85' lang='lat' dir='ltr'><strong>cineres</strong></span> <span class='ocrx_word' id='word_1_24' title='bbox 457 778 502 837; x_wconf 93' lang='lat' dir='ltr'><strong>tui</strong></span> <span class='ocrx_word' id='word_1_25' title='bbox 518 776 668 838; x_wconf 70' lang='lat' dir='ltr'><strong>lacessis?</strong></span> 
     </span>
    </p>

    <p class='ocr_par' dir='ltr' id='par_1_6' title="bbox 127 858 675 940">
     <span class='ocr_line' id='line_1_7' title="bbox 127 858 675 940; baseline 0.005 -20"><span class='ocrx_word' id='word_1_26' title='bbox 127 859 222 920; x_wconf 88' lang='lat' dir='ltr'><strong>Tales</strong></span> <span class='ocrx_word' id='word_1_27' title='bbox 236 858 404 922; x_wconf 79' lang='lat' dir='ltr'><strong>munditiae</strong></span> <span class='ocrx_word' id='word_1_28' title='bbox 418 859 531 920; x_wconf 90' lang='lat' dir='ltr'><strong>decent</strong></span> <span class='ocrx_word' id='word_1_29' title='bbox 545 860 675 940; x_wconf 87' lang='lat' dir='ltr'><strong>puellas.</strong></span> 
     </span>
    </p>

    <p class='ocr_par' dir='ltr' id='par_1_7' title="bbox 105 945 714 1107">
     <span class='ocr_line' id='line_1_8' title="bbox 127 945 714 1025; baseline 0.007 -23"><span class='ocrx_word' id='word_1_30' title='bbox 127 945 202 1003; x_wconf 91' lang='lat' dir='ltr'><strong>Nam</strong></span> <span class='ocrx_word' id='word_1_31' title='bbox 218 950 253 1003; x_wconf 95' lang='lat' dir='ltr'><strong>tu</strong></span> <span class='ocrx_word' id='word_1_32' title='bbox 265 945 324 1002; x_wconf 88' lang='lat' dir='ltr'><strong>iam</strong></span> <span class='ocrx_word' id='word_1_33' title='bbox 339 962 397 1002; x_wconf 90' lang='lat' dir='ltr'><strong>uec</strong></span> <span class='ocrx_word' id='word_1_34' title='bbox 414 964 488 1004; x_wconf 88' lang='lat' dir='ltr'><strong>auus</strong></span> <span class='ocrx_word' id='word_1_35' title='bbox 502 951 592 1025; x_wconf 88' lang='lat' dir='ltr'><strong>potes</strong></span> <span class='ocrx_word' id='word_1_36' title='bbox 605 945 714 1007; x_wconf 85' lang='lat' dir='ltr'><strong>videri.</strong></span> 
     </span>
     <span class='ocr_line' id='line_1_9' title="bbox 105 1025 680 1107; baseline -0.002 -17"><span class='ocrx_word' id='word_1_37' title='bbox 105 1027 229 1103; x_wconf 71' lang='lat' dir='ltr'><strong>olstud,</strong></span> <span class='ocrx_word' id='word_1_38' title='bbox 252 1025 346 1091; x_wconf 87' lang='lat' dir='ltr'><strong>crede</strong></span> <span class='ocrx_word' id='word_1_39' title='bbox 361 1028 451 1105; x_wconf 91' lang='lat' dir='ltr'><strong>mihi,</strong></span> <span class='ocrx_word' id='word_1_40' title='bbox 472 1028 575 1107; x_wconf 80' lang='lat' dir='ltr'><strong>Ligia,</strong></span> <span class='ocrx_word' id='word_1_41' title='bbox 596 1028 680 1089; x_wconf 90' lang='lat' dir='ltr'><strong>belle</strong></span> 
     </span>
    </p>

    <p class='ocr_par' dir='ltr' id='par_1_8' title="bbox 126 1111 750 1190">
     <span class='ocr_line' id='line_1_10' title="bbox 126 1111 750 1190; baseline 0.003 -20"><span class='ocrx_word' id='word_1_42' title='bbox 126 1111 194 1171; x_wconf 89' lang='lat' dir='ltr'><strong>Nou</strong></span> <span class='ocrx_word' id='word_1_43' title='bbox 210 1115 309 1170; x_wconf 86' lang='lat' dir='ltr'><strong>mater</strong></span> <span class='ocrx_word' id='word_1_44' title='bbox 323 1111 397 1171; x_wconf 82' lang='lat' dir='ltr'><strong>facit</strong></span> <span class='ocrx_word' id='word_1_45' title='bbox 411 1111 573 1190; x_wconf 85' lang='lat' dir='ltr'><strong>Hectoris,</strong></span> <span class='ocrx_word' id='word_1_46' title='bbox 595 1112 652 1172; x_wconf 89' lang='lat' dir='ltr'><strong>sed</strong></span> <span class='ocrx_word' id='word_1_47' title='bbox 665 1132 750 1173; x_wconf 88' lang='lat' dir='ltr'><strong>uxor.</strong></span> 
     </span>
    </p>

    <p class='ocr_par' dir='ltr' id='par_1_9' title="bbox 126 1194 723 1274">
     <span class='ocr_line' id='line_1_11' title="bbox 126 1194 723 1274; baseline 0.002 -20"><span class='ocrx_word' id='word_1_48' title='bbox 126 1196 238 1272; x_wconf 81' lang='lat' dir='ltr'><strong>llrras,</strong></span> <span class='ocrx_word' id='word_1_49' title='bbox 262 1196 288 1254; x_wconf 92' lang='lat' dir='ltr'><strong>si</strong></span> <span class='ocrx_word' id='word_1_50' title='bbox 304 1195 361 1254; x_wconf 88' lang='lat' dir='ltr'><strong>tibi</strong></span> <span class='ocrx_word' id='word_1_51' title='bbox 375 1215 492 1255; x_wconf 85' lang='lat' dir='ltr'><strong>cunnus</strong></span> <span class='ocrx_word' id='word_1_52' title='bbox 506 1197 557 1255; x_wconf 89' lang='lat' dir='ltr'><strong>hic</strong></span> <span class='ocrx_word' id='word_1_53' title='bbox 572 1194 723 1274; x_wconf 75' lang='lat' dir='ltr'><strong>videtur,</strong></span> 
     </span>
    </p>

    <p class='ocr_par' dir='ltr' id='par_1_10' title="bbox 127 1277 713 1359">
     <span class='ocr_line' id='line_1_12' title="bbox 127 1277 713 1359; baseline 0.005 -22"><span class='ocrx_word' id='word_1_54' title='bbox 127 1278 177 1337; x_wconf 88' lang='lat' dir='ltr'><strong>Ad</strong></span> <span class='ocrx_word' id='word_1_55' title='bbox 192 1296 282 1356; x_wconf 91' lang='lat' dir='ltr'><strong>quem</strong></span> <span class='ocrx_word' id='word_1_56' title='bbox 297 1277 432 1338; x_wconf 80' lang='lat' dir='ltr'><strong>mentula</strong></span> <span class='ocrx_word' id='word_1_57' title='bbox 445 1280 607 1359; x_wconf 87' lang='lat' dir='ltr'><strong>pertinere</strong></span> <span class='ocrx_word' id='word_1_58' title='bbox 622 1277 713 1341; x_wconf 80' lang='lat' dir='ltr'><strong>desit.</strong></span> 
     </span>
    </p>

    <p class='ocr_par' dir='ltr' id='par_1_11' title="bbox 86 1358 675 1507">
     <span class='ocr_line' id='line_1_13' title="bbox 127 1358 675 1441; baseline 0.002 -21"><span class='ocrx_word' id='word_1_59' title='bbox 127 1362 229 1436; x_wconf 76' lang='lat' dir='ltr'><strong>Quare</strong></span> <span class='ocrx_word' id='word_1_60' title='bbox 244 1362 270 1420; x_wconf 90' lang='lat' dir='ltr'><strong>si</strong></span> <span class='ocrx_word' id='word_1_61' title='bbox 287 1358 387 1441; x_wconf 91' lang='lat' dir='ltr'><strong>pudor</strong></span> <span class='ocrx_word' id='word_1_62' title='bbox 402 1367 466 1439; x_wconf 89' lang='lat' dir='ltr'><strong>est,</strong></span> <span class='ocrx_word' id='word_1_63' title='bbox 486 1362 589 1439; x_wconf 85' lang='lat' dir='ltr'><strong>Ligia,</strong></span> <span class='ocrx_word' id='word_1_64' title='bbox 611 1360 675 1421; x_wconf 88' lang='lat' dir='ltr'><strong>noli</strong></span> 
     </span>
     <span class='ocr_line' id='line_1_14' title="bbox 86 1441 637 1507; baseline -0.004 0"><span class='ocrx_word' id='word_1_65' title='bbox 86 1445 255 1507; x_wconf 87' lang='lat' dir='ltr'><strong>10Barbam</strong></span> <span class='ocrx_word' id='word_1_66' title='bbox 268 1441 389 1503; x_wconf 86' lang='lat' dir='ltr'><strong>vellere</strong></span> <span class='ocrx_word' id='word_1_67' title='bbox 405 1450 526 1504; x_wconf 87' lang='lat' dir='ltr'><strong>mortuo</strong></span> <span class='ocrx_word' id='word_1_68' title='bbox 543 1441 637 1505; x_wconf 89' lang='lat' dir='ltr'><strong>leoni.</strong></span> 
     </span>
    </p>
   </div>
   <div class='ocr_carea' id='block_1_5' title="bbox 522 1576 599 1637">
    <p class='ocr_par' dir='ltr' id='par_1_12' title="bbox 522 1576 599 1637">
     <span class='ocr_line' id='line_1_15' title="bbox 522 1576 599 1637; baseline 0.013 -1"><span class='ocrx_word' id='word_1_69' title='bbox 522 1576 599 1637; x_wconf 81' lang='lat' dir='ltr'><strong>xci.</strong></span> 
     </span>
    </p>
   </div>
   <div class='ocr_carea' id='block_1_6' title="bbox 128 1687 948 1851">
    <p class='ocr_par' dir='ltr' id='par_1_13' title="bbox 128 1687 948 1851">
     <span class='ocr_line' id='line_1_16' title="bbox 128 1687 948 1772; baseline 0.005 -24"><span class='ocrx_word' id='word_1_70' title='bbox 128 1688 242 1748; x_wconf 86' lang='lat' dir='ltr'><strong>Omnes</strong></span> <span class='ocrx_word' id='word_1_71' title='bbox 258 1689 414 1748; x_wconf 90' lang='lat' dir='ltr'><strong>eunuchos</strong></span> <span class='ocrx_word' id='word_1_72' title='bbox 428 1688 523 1748; x_wconf 89' lang='lat' dir='ltr'><strong>habet</strong></span> <span class='ocrx_word' id='word_1_73' title='bbox 537 1687 644 1767; x_wconf 89' lang='lat' dir='ltr'><strong>Almo,</strong></span> <span class='ocrx_word' id='word_1_74' title='bbox 666 1706 724 1748; x_wconf 90' lang='lat' dir='ltr'><strong>uec</strong></span> <span class='ocrx_word' id='word_1_75' title='bbox 740 1690 849 1768; x_wconf 83' lang='lat' dir='ltr'><strong>arrigit</strong></span> <span class='ocrx_word' id='word_1_76' title='bbox 863 1691 948 1772; x_wconf 87' lang='lat' dir='ltr'><strong>ipse,</strong></span> 
     </span>
     <span class='ocr_line' id='line_1_17' title="bbox 168 1770 869 1851; baseline 0.01 -21"><span class='ocrx_word' id='word_1_77' title='bbox 168 1773 209 1830; x_wconf 82' lang='lat' dir='ltr'><strong>Et</strong></span> <span class='ocrx_word' id='word_1_78' title='bbox 225 1772 382 1851; x_wconf 86' lang='lat' dir='ltr'><strong>queritur,</strong></span> <span class='ocrx_word' id='word_1_79' title='bbox 402 1773 503 1851; x_wconf 89' lang='lat' dir='ltr'><strong>pariat</strong></span> <span class='ocrx_word' id='word_1_80' title='bbox 516 1771 598 1851; x_wconf 91' lang='lat' dir='ltr'><strong>quod</strong></span> <span class='ocrx_word' id='word_1_81' title='bbox 614 1793 667 1832; x_wconf 93' lang='lat' dir='ltr'><strong>sua</strong></span> <span class='ocrx_word' id='word_1_82' title='bbox 680 1770 769 1833; x_wconf 90' lang='lat' dir='ltr'><strong>Polla</strong></span> <span class='ocrx_word' id='word_1_83' title='bbox 782 1773 869 1837; x_wconf 81' lang='lat' dir='ltr'><strong>nihil</strong></span> 
     </span>
    </p>
   </div>
   <div class='ocr_carea' id='block_1_7' title="bbox 520 1905 610 1967">
    <p class='ocr_par' dir='ltr' id='par_1_14' title="bbox 520 1905 610 1967">
     <span class='ocr_line' id='line_1_18' title="bbox 520 1905 610 1967; baseline 0.022 -2"><span class='ocrx_word' id='word_1_84' title='bbox 520 1905 610 1967; x_wconf 83' lang='lat' dir='ltr'><strong>xcll.</strong></span> 
     </span>
    </p>
   </div>
   <div class='ocr_carea' id='block_1_8' title="bbox 88 2017 866 2932">
    <p class='ocr_par' dir='ltr' id='par_1_15' title="bbox 126 2017 759 2098">
     <span class='ocr_line' id='line_1_19' title="bbox 126 2017 759 2098; baseline 0.008 -23"><span class='ocrx_word' id='word_1_85' title='bbox 126 2017 224 2095; x_wconf 90' lang='lat' dir='ltr'><strong>Mari,</strong></span> <span class='ocrx_word' id='word_1_86' title='bbox 246 2018 369 2097; x_wconf 75' lang='lat' dir='ltr'><strong>quietae</strong></span> <span class='ocrx_word' id='word_1_87' title='bbox 385 2017 484 2078; x_wconf 90' lang='lat' dir='ltr'><strong>cultor</strong></span> <span class='ocrx_word' id='word_1_88' title='bbox 498 2024 531 2078; x_wconf 88' lang='lat' dir='ltr'><strong>et</strong></span> <span class='ocrx_word' id='word_1_89' title='bbox 545 2038 647 2079; x_wconf 90' lang='lat' dir='ltr'><strong>comes</strong></span> <span class='ocrx_word' id='word_1_90' title='bbox 662 2021 759 2098; x_wconf 88' lang='lat' dir='ltr'><strong>vitae,</strong></span> 
     </span>
    </p>

    <p class='ocr_par' dir='ltr' id='par_1_16' title="bbox 128 2099 680 2180">
     <span class='ocr_line' id='line_1_20' title="bbox 128 2099 680 2180; baseline 0.005 -22"><span class='ocrx_word' id='word_1_91' title='bbox 128 2100 194 2174; x_wconf 75' lang='lat' dir='ltr'><strong>Quo</strong></span> <span class='ocrx_word' id='word_1_92' title='bbox 210 2101 275 2160; x_wconf 88' lang='lat' dir='ltr'><strong>cive</strong></span> <span class='ocrx_word' id='word_1_93' title='bbox 289 2102 391 2180; x_wconf 86' lang='lat' dir='ltr'><strong>prisca</strong></span> <span class='ocrx_word' id='word_1_94' title='bbox 408 2099 559 2179; x_wconf 82' lang='lat' dir='ltr'><strong>gloriatur</strong></span> <span class='ocrx_word' id='word_1_95' title='bbox 572 2103 680 2180; x_wconf 85' lang='lat' dir='ltr'><strong>Atina,</strong></span> 
     </span>
    </p>

    <p class='ocr_par' dir='ltr' id='par_1_17' title="bbox 127 2182 751 2262">
     <span class='ocr_line' id='line_1_21' title="bbox 127 2182 751 2262; baseline 0.005 -21"><span class='ocrx_word' id='word_1_96' title='bbox 127 2182 190 2242; x_wconf 85' lang='lat' dir='ltr'><strong>llas</strong></span> <span class='ocrx_word' id='word_1_97' title='bbox 208 2184 266 2244; x_wconf 89' lang='lat' dir='ltr'><strong>tibi</strong></span> <span class='ocrx_word' id='word_1_98' title='bbox 279 2184 424 2262; x_wconf 81' lang='lat' dir='ltr'><strong>gemellas</strong></span> <span class='ocrx_word' id='word_1_99' title='bbox 440 2186 563 2246; x_wconf 88' lang='lat' dir='ltr'><strong>barbari</strong></span> <span class='ocrx_word' id='word_1_100' title='bbox 579 2183 673 2246; x_wconf 85' lang='lat' dir='ltr'><strong>decus</strong></span> <span class='ocrx_word' id='word_1_101' title='bbox 687 2182 751 2246; x_wconf 91' lang='lat' dir='ltr'><strong>luci</strong></span> 
     </span>
    </p>

    <p class='ocr_par' dir='ltr' id='par_1_18' title="bbox 105 2266 778 2423">
     <span class='ocr_line' id='line_1_22' title="bbox 128 2266 778 2348; baseline 0.005 -22"><span class='ocrx_word' id='word_1_102' title='bbox 128 2266 316 2347; x_wconf 76' lang='lat' dir='ltr'><strong>Commendo</strong></span> <span class='ocrx_word' id='word_1_103' title='bbox 332 2270 422 2348; x_wconf 87' lang='lat' dir='ltr'><strong>pinus</strong></span> <span class='ocrx_word' id='word_1_104' title='bbox 437 2268 586 2348; x_wconf 70' lang='lat' dir='ltr'><strong>ilicesque</strong></span> <span class='ocrx_word' id='word_1_105' title='bbox 602 2269 778 2329; x_wconf 85' lang='lat' dir='ltr'><strong>Faunorum</strong></span> 
     </span>
     <span class='ocr_line' id='line_1_23' title="bbox 105 2350 699 2423; baseline 0.002 -12"><span class='ocrx_word' id='word_1_106' title='bbox 105 2351 170 2411; x_wconf 75' lang='lat' dir='ltr'><strong>siit</strong></span> <span class='ocrx_word' id='word_1_107' title='bbox 184 2350 353 2412; x_wconf 83' lang='lat' dir='ltr'><strong>semidocta</strong></span> <span class='ocrx_word' id='word_1_108' title='bbox 367 2352 449 2423; x_wconf 85' lang='lat' dir='ltr'><strong>vilici</strong></span> <span class='ocrx_word' id='word_1_109' title='bbox 463 2372 553 2412; x_wconf 90' lang='lat' dir='ltr'><strong>manu</strong></span> <span class='ocrx_word' id='word_1_110' title='bbox 568 2358 699 2413; x_wconf 85' lang='lat' dir='ltr'><strong>structas</strong></span> 
     </span>
    </p>

    <p class='ocr_par' dir='ltr' id='par_1_19' title="bbox 128 2433 707 2514">
     <span class='ocr_line' id='line_1_24' title="bbox 128 2433 707 2514; baseline 0.005 -22"><span class='ocrx_word' id='word_1_111' title='bbox 128 2433 278 2494; x_wconf 86' lang='lat' dir='ltr'><strong>Tonantis</strong></span> <span class='ocrx_word' id='word_1_112' title='bbox 297 2456 364 2496; x_wconf 86' lang='lat' dir='ltr'><strong>aras</strong></span> <span class='ocrx_word' id='word_1_113' title='bbox 379 2435 568 2514; x_wconf 87' lang='lat' dir='ltr'><strong>horridique.</strong></span> <span class='ocrx_word' id='word_1_114' title='bbox 578 2436 707 2514; x_wconf 84' lang='lat' dir='ltr'><strong>Silvani,</strong></span> 
     </span>
    </p>

    <p class='ocr_par' dir='ltr' id='par_1_20' title="bbox 128 2517 843 2600">
     <span class='ocr_line' id='line_1_25' title="bbox 128 2517 843 2600; baseline 0.003 -24"><span class='ocrx_word' id='word_1_115' title='bbox 128 2518 210 2592; x_wconf 76' lang='lat' dir='ltr'><strong>Quas</strong></span> <span class='ocrx_word' id='word_1_116' title='bbox 226 2519 325 2598; x_wconf 86' lang='lat' dir='ltr'><strong>pinxit</strong></span> <span class='ocrx_word' id='word_1_117' title='bbox 338 2521 408 2598; x_wconf 85' lang='lat' dir='ltr'><strong>agui</strong></span> <span class='ocrx_word' id='word_1_118' title='bbox 423 2539 515 2600; x_wconf 81' lang='lat' dir='ltr'><strong>saepe</strong></span> <span class='ocrx_word' id='word_1_119' title='bbox 531 2521 652 2598; x_wconf 84' lang='lat' dir='ltr'><strong>sanguis</strong></span> <span class='ocrx_word' id='word_1_120' title='bbox 667 2525 718 2579; x_wconf 90' lang='lat' dir='ltr'><strong>aut</strong></span> <span class='ocrx_word' id='word_1_121' title='bbox 734 2517 843 2596; x_wconf 90' lang='lat' dir='ltr'><strong>haedi,</strong></span> 
     </span>
    </p>

    <p class='ocr_par' dir='ltr' id='par_1_21' title="bbox 126 2601 866 2683">
     <span class='ocr_line' id='line_1_26' title="bbox 126 2601 866 2683; baseline 0.004 -24"><span class='ocrx_word' id='word_1_122' title='bbox 126 2601 348 2682; x_wconf 89' lang='lat' dir='ltr'><strong>Dominamque</strong></span> <span class='ocrx_word' id='word_1_123' title='bbox 363 2605 461 2663; x_wconf 88' lang='lat' dir='ltr'><strong>sancti</strong></span> <span class='ocrx_word' id='word_1_124' title='bbox 474 2605 623 2682; x_wconf 82' lang='lat' dir='ltr'><strong>virginem</strong></span> <span class='ocrx_word' id='word_1_125' title='bbox 638 2602 726 2663; x_wconf 90' lang='lat' dir='ltr'><strong>deam</strong></span> <span class='ocrx_word' id='word_1_126' title='bbox 741 2601 866 2683; x_wconf 89' lang='lat' dir='ltr'><strong>templi,</strong></span> 
     </span>
    </p>

    <p class='ocr_par' dir='ltr' id='par_1_22' title="bbox 88 2683 842 2851">
     <span class='ocr_line' id='line_1_27' title="bbox 129 2683 799 2767; baseline 0.006 -25"><span class='ocrx_word' id='word_1_127' title='bbox 129 2683 170 2742; x_wconf 79' lang='lat' dir='ltr'><strong>Et</strong></span> <span class='ocrx_word' id='word_1_128' title='bbox 186 2703 277 2763; x_wconf 91' lang='lat' dir='ltr'><strong>quem</strong></span> <span class='ocrx_word' id='word_1_129' title='bbox 291 2688 406 2746; x_wconf 86' lang='lat' dir='ltr'><strong>sororis</strong></span> <span class='ocrx_word' id='word_1_130' title='bbox 423 2688 578 2767; x_wconf 90' lang='lat' dir='ltr'><strong>hospitem</strong></span> <span class='ocrx_word' id='word_1_131' title='bbox 593 2687 679 2747; x_wconf 80' lang='lat' dir='ltr'><strong>rides</strong></span> <span class='ocrx_word' id='word_1_132' title='bbox 697 2693 799 2747; x_wconf 88' lang='lat' dir='ltr'><strong>castae</strong></span> 
     </span>
     <span class='ocr_line' id='line_1_28' title="bbox 88 2767 842 2851; baseline 0.005 -24"><span class='ocrx_word' id='word_1_133' title='bbox 88 2767 264 2827; x_wconf 86' lang='lat' dir='ltr'><strong>loMartem</strong></span> <span class='ocrx_word' id='word_1_134' title='bbox 278 2787 413 2830; x_wconf 86' lang='lat' dir='ltr'><strong>mearum</strong></span> <span class='ocrx_word' id='word_1_135' title='bbox 429 2772 602 2851; x_wconf 87' lang='lat' dir='ltr'><strong>principem</strong></span> <span class='ocrx_word' id='word_1_136' title='bbox 617 2769 842 2849; x_wconf 86' lang='lat' dir='ltr'><strong>Kalendarum,</strong></span> 
     </span>
    </p>

    <p class='ocr_par' dir='ltr' id='par_1_23' title="bbox 128 2848 756 2932">
     <span class='ocr_line' id='line_1_29' title="bbox 128 2848 756 2932; baseline 0.01 -23"><span class='ocrx_word' id='word_1_137' title='bbox 128 2850 170 2910; x_wconf 81' lang='lat' dir='ltr'><strong>m</strong></span> <span class='ocrx_word' id='word_1_138' title='bbox 185 2848 336 2912; x_wconf 87' lang='lat' dir='ltr'><strong>delicatae</strong></span> <span class='ocrx_word' id='word_1_139' title='bbox 351 2850 490 2913; x_wconf 91' lang='lat' dir='ltr'><strong>laureum</strong></span> <span class='ocrx_word' id='word_1_140' title='bbox 503 2873 610 2914; x_wconf 90' lang='lat' dir='ltr'><strong>nemus</strong></span> <span class='ocrx_word' id='word_1_141' title='bbox 627 2853 756 2932; x_wconf 81' lang='lat' dir='ltr'><strong>Florae,</strong></span> 
     </span>
    </p>
   </div>
   <div class='ocr_carea' id='block_1_9' title="bbox 88 2932 852 3518">
    <p class='ocr_par' dir='ltr' id='par_1_24' title="bbox 129 2932 773 3017">
     <span class='ocr_line' id='line_1_30' title="bbox 129 2932 773 3017; baseline 0.006 -23"><span class='ocrx_word' id='word_1_142' title='bbox 129 2935 162 2994; x_wconf 92' lang='lat' dir='ltr'><strong>ln</strong></span> <span class='ocrx_word' id='word_1_143' title='bbox 179 2932 262 3013; x_wconf 90' lang='lat' dir='ltr'><strong>quod</strong></span> <span class='ocrx_word' id='word_1_144' title='bbox 275 2935 387 3016; x_wconf 87' lang='lat' dir='ltr'><strong>Priapo</strong></span> <span class='ocrx_word' id='word_1_145' title='bbox 402 2944 611 3017; x_wconf 87' lang='lat' dir='ltr'><strong>persequente</strong></span> <span class='ocrx_word' id='word_1_146' title='bbox 626 2938 773 3017; x_wconf 85' lang='lat' dir='ltr'><strong>confugit.</strong></span> 
     </span>
    </p>

    <p class='ocr_par' dir='ltr' id='par_1_25' title="bbox 129 3017 765 3101">
     <span class='ocr_line' id='line_1_31' title="bbox 129 3017 765 3101; baseline 0.008 -25"><span class='ocrx_word' id='word_1_147' title='bbox 129 3018 197 3077; x_wconf 91' lang='lat' dir='ltr'><strong>Hoc</strong></span> <span class='ocrx_word' id='word_1_148' title='bbox 215 3037 305 3078; x_wconf 90' lang='lat' dir='ltr'><strong>omne</strong></span> <span class='ocrx_word' id='word_1_149' title='bbox 321 3017 413 3097; x_wconf 82' lang='lat' dir='ltr'><strong>agelli</strong></span> <span class='ocrx_word' id='word_1_150' title='bbox 430 3022 503 3081; x_wconf 91' lang='lat' dir='ltr'><strong>mite</strong></span> <span class='ocrx_word' id='word_1_151' title='bbox 519 3020 639 3101; x_wconf 88' lang='lat' dir='ltr'><strong>parvuli</strong></span> <span class='ocrx_word' id='word_1_152' title='bbox 654 3040 765 3081; x_wconf 88' lang='lat' dir='ltr'><strong>numen</strong></span> 
     </span>
    </p>

    <p class='ocr_par' dir='ltr' id='par_1_26' title="bbox 88 3101 852 3265">
     <span class='ocr_line' id='line_1_32' title="bbox 128 3101 722 3184; baseline 0.005 -23"><span class='ocrx_word' id='word_1_153' title='bbox 128 3101 191 3161; x_wconf 90' lang='lat' dir='ltr'><strong>Seu</strong></span> <span class='ocrx_word' id='word_1_154' title='bbox 206 3108 240 3162; x_wconf 92' lang='lat' dir='ltr'><strong>tu</strong></span> <span class='ocrx_word' id='word_1_155' title='bbox 255 3120 385 3180; x_wconf 90' lang='lat' dir='ltr'><strong>cruore,</strong></span> <span class='ocrx_word' id='word_1_156' title='bbox 407 3104 470 3163; x_wconf 85' lang='lat' dir='ltr'><strong>sive</strong></span> <span class='ocrx_word' id='word_1_157' title='bbox 487 3110 557 3163; x_wconf 89' lang='lat' dir='ltr'><strong>ture</strong></span> <span class='ocrx_word' id='word_1_158' title='bbox 571 3103 722 3184; x_wconf 86' lang='lat' dir='ltr'><strong>placabis:</strong></span> 
     </span>
     <span class='ocr_line' id='line_1_33' title="bbox 88 3186 852 3265; baseline 0 -18"><span class='ocrx_word' id='word_1_159' title='bbox 88 3187 334 3265; x_wconf 83' lang='lat' dir='ltr'><strong>15„Ubicunque</strong></span> <span class='ocrx_word' id='word_1_160' title='bbox 348 3192 453 3246; x_wconf 84' lang='lat' dir='ltr'><strong>vester</strong></span> <span class='ocrx_word' id='word_1_161' title='bbox 469 3186 622 3247; x_wconf 82' lang='lat' dir='ltr'><strong>Martialis</strong></span> <span class='ocrx_word' id='word_1_162' title='bbox 639 3188 725 3253; x_wconf 72' lang='lat' dir='ltr'><strong>est.“</strong></span> <span class='ocrx_word' id='word_1_163' title='bbox 748 3187 852 3265; x_wconf 86' lang='lat' dir='ltr'><strong>dices,</strong></span> 
     </span>
    </p>

    <p class='ocr_par' dir='ltr' id='par_1_27' title="bbox 128 3268 811 3349">
     <span class='ocr_line' id='line_1_34' title="bbox 128 3268 811 3349; baseline 0.003 -21"><span class='ocrx_word' id='word_1_164' title='bbox 128 3270 232 3349; x_wconf 89' lang='lat' dir='ltr'><strong>„Hac,</strong></span> <span class='ocrx_word' id='word_1_165' title='bbox 254 3288 345 3348; x_wconf 85' lang='lat' dir='ltr'><strong>erce,</strong></span> <span class='ocrx_word' id='word_1_166' title='bbox 365 3288 485 3330; x_wconf 91' lang='lat' dir='ltr'><strong>mecum</strong></span> <span class='ocrx_word' id='word_1_167' title='bbox 500 3268 628 3330; x_wconf 85' lang='lat' dir='ltr'><strong>dextera</strong></span> <span class='ocrx_word' id='word_1_168' title='bbox 642 3269 712 3330; x_wconf 90' lang='lat' dir='ltr'><strong>litat</strong></span> <span class='ocrx_word' id='word_1_169' title='bbox 725 3272 811 3330; x_wconf 88' lang='lat' dir='ltr'><strong>vobis</strong></span> 
     </span>
    </p>

    <p class='ocr_par' dir='ltr' id='par_1_28' title="bbox 129 3352 837 3434">
     <span class='ocr_line' id='line_1_35' title="bbox 129 3352 837 3434; baseline 0 -23"><span class='ocrx_word' id='word_1_170' title='bbox 129 3354 249 3414; x_wconf 77' lang='lat' dir='ltr'><strong>Absens</strong></span> <span class='ocrx_word' id='word_1_171' title='bbox 267 3352 429 3428; x_wconf 82' lang='lat' dir='ltr'><strong>sacerdos;</strong></span> <span class='ocrx_word' id='word_1_172' title='bbox 449 3373 502 3414; x_wconf 84' lang='lat' dir='ltr'><strong>vos</strong></span> <span class='ocrx_word' id='word_1_173' title='bbox 518 3360 624 3434; x_wconf 89' lang='lat' dir='ltr'><strong>putate</strong></span> <span class='ocrx_word' id='word_1_174' title='bbox 639 3361 837 3434; x_wconf 88' lang='lat' dir='ltr'><strong>praesentem</strong></span> 
     </span>
    </p>

    <p class='ocr_par' dir='ltr' id='par_1_29' title="bbox 128 3434 818 3518">
     <span class='ocr_line' id='line_1_36' title="bbox 128 3434 818 3518; baseline -0.004 -21"><span class='ocrx_word' id='word_1_175' title='bbox 128 3437 170 3497; x_wconf 75' lang='lat' dir='ltr'><strong>lit</strong></span> <span class='ocrx_word' id='word_1_176' title='bbox 185 3435 256 3497; x_wconf 91' lang='lat' dir='ltr'><strong>date</strong></span> <span class='ocrx_word' id='word_1_177' title='bbox 272 3436 390 3499; x_wconf 90' lang='lat' dir='ltr'><strong>duobus</strong></span> <span class='ocrx_word' id='word_1_178' title='bbox 406 3437 556 3518; x_wconf 89' lang='lat' dir='ltr'><strong>quidquid</strong></span> <span class='ocrx_word' id='word_1_179' title='bbox 572 3434 652 3498; x_wconf 86' lang='lat' dir='ltr'><strong>alter</strong></span> <span class='ocrx_word' id='word_1_180' title='bbox 666 3436 818 3516; x_wconf 81' lang='lat' dir='ltr'><strong>optabit.“</strong></span> 
     </span>
    </p>
   </div>
   <div class='ocr_carea' id='block_1_10' title="bbox 1021 213 1078 278">
    <p class='ocr_par' dir='ltr' id='par_1_30' title="bbox 1021 213 1078 278">
     <span class='ocr_line' id='line_1_37' title="bbox 1021 213 1078 278; baseline 0 0"><span class='ocrx_word' id='word_1_181' title='bbox 1021 213 1078 278; x_wconf 74' lang='lat'><strong>251</strong></span> 
     </span>
    </p>
   </div>
   <div class='ocr_carea' id='block_1_11' title="bbox 0 0 1190 3840">
    <p class='ocr_par' dir='ltr' id='par_1_31' title="bbox 0 0 1190 3840">
     <span class='ocr_line' id='line_1_38' title="bbox 0 0 1190 3840; baseline 0 0"><span class='ocrx_word' id='word_1_182' title='bbox 0 0 1190 3840; x_wconf 95' lang='lat' dir='ltr'><strong> </strong></span> 
     </span>
    </p>
   </div>
  </div>
 </body>
</html>
