2370 3840
319 197 658 260 EPIGRAMMATON
673 202 748 262 LlB.
763 205 801 266 V.
1022 204 1084 267 109

166 349 331 412 Praeferat
345 351 487 429 antiquos
502 369 626 430 semper
640 360 675 412 ut
688 352 742 415 illa
757 357 853 416 novis.

99 432 182 496 asie
195 440 333 494 veterem
348 435 463 512 ingrati
477 435 607 514 Pompei
621 439 795 514 quaerimus
809 442 963 519 umbram,

165 517 218 578 Sic
232 516 361 578 laudant
376 516 477 578 Catuli
492 517 565 578 vilia
580 520 694 600 templa
706 541 806 583 senes.

122 601 243 663 Ennius
259 609 308 663 est
321 601 422 662 lectus
438 602 521 662 salvo
537 605 610 681 tibi,
633 605 745 684 Roma,
766 607 898 669 Marone

164 687 207 746 ut
221 706 275 746 sua
287 688 426 746 riserunt
440 686 563 746 saecula
576 689 764 749 Maeoniden
772 710 784 766 ².

121 769 204 831 Rara
220 777 366 831 coronato
380 768 525 850 plausere
540 773 664 833 theatra
679 772 869 851 Menandro,

79 865 115 917 lo
162 854 261 914 Norat
275 855 428 916 Nasonem
443 854 509 914 sola
524 856 660 917 Corinna
674 878 771 920 suurn.

122 938 188 1000 Vos
202 943 323 1017 tamea,
346 960 363 1000 o
380 941 479 1000 nostri
494 959 534 1000 ne
548 941 696 1002 festinate
710 938 828 1002 libelli:

169 1021 203 1081 Si
220 1030 291 1101 post
305 1023 368 1083 fata
382 1025 468 1084 venit
483 1023 598 1104 gloria,
620 1045 683 1087 non
698 1044 844 1107 propero.

532 1186 584 1247 XI.

125 1296 357 1375 Sardonychas,
379 1297 574 1376 zmaragdos,
598 1298 788 1378 adamantas,
811 1299 944 1382 iaspidas
959 1320 1019 1360 uno

165 1381 280 1443 Versat
293 1382 326 1439 in
340 1380 472 1441 articulo
491 1381 604 1461 Stella,
628 1383 761 1463 Severe,
782 1403 877 1445 meus.

122 1462 240 1524 Multas
255 1466 288 1523 in
303 1463 423 1543 digitis,
446 1464 553 1545 plures
570 1468 603 1526 in
617 1469 752 1527 carmine
768 1487 901 1546 gemmas

164 1549 320 1608 invenies:
340 1547 414 1608 inde
430 1556 478 1609 est
492 1551 585 1629 haec,
606 1558 699 1631 puto,
722 1552 804 1613 culta
819 1574 934 1616 manus.

528 1713 592 1778 XII.

123 1799 214 1902 Quod
227 1825 366 1886 nutantia
380 1825 485 1885 fronte
499 1828 652 1905 perticata

122 1913 234 1972 Gestat
246 1908 385 1990 pondera
399 1909 568 1969 Masthlion
584 1913 751 1990 superbus,

122 1997 187 2056 Aut
201 1993 325 2074 grandis
340 1994 436 2052 Ninus
453 1995 593 2053 omnibus
607 1993 735 2054 lacertis

123 2079 251 2159 Septem
267 2076 350 2157 quod
365 2096 478 2156 pueros
493 2076 576 2136 levat
590 2076 640 2137 vel
655 2085 741 2156 octo,

100 2164 188 2224 anes
202 2183 265 2222 non
278 2160 416 2220 difficilis
431 2162 506 2219 mihi
521 2159 660 2238 videtur,

122 2247 193 2308 Uno
208 2267 276 2306 eum
292 2245 388 2323 digito
403 2243 454 2305 vel
468 2245 544 2322 hoc,
565 2245 616 2305 vel
631 2244 704 2322 illo,

121 2332 234 2391 Portet
252 2329 352 2391 Stella
366 2348 452 2389 meus
468 2328 576 2388 decem
590 2327 718 2410 puellas.

514 2497 593 2555 Xlll.

125 2609 214 2686 Sum,
236 2609 354 2687 fateor,
377 2628 562 2690 semperque
577 2611 639 2687 fui,
656 2607 850 2686 Callistrato,
870 2626 1004 2688 pauper,

165 2691 229 2752 Sed
243 2712 306 2751 non
320 2695 483 2772 obscurus,
502 2713 561 2754 nec
575 2693 654 2754 male
670 2698 761 2752 notus
776 2709 889 2770 eques,

122 2776 187 2836 Sed
199 2784 266 2837 toto
281 2775 372 2855 legor
387 2780 463 2838 orbe
478 2779 627 2857 frequens
645 2784 678 2837 et
693 2776 806 2836 dicitur
824 2776 905 2852 „Hic
919 2780 967 2834 est
974 2774 1006 2853 ,“

165 2860 316 2940 Quodque
333 2863 410 2921 cinis
427 2864 548 2941 paucis,
571 2863 630 2921 hoc
646 2862 722 2920 mihi
736 2861 797 2919 vita
811 2857 907 2920 dedit.

98 2945 167 3006 ant
181 2953 234 3004 tua
250 2947 390 3005 centenis
405 2948 586 3007 incumbunt
599 2954 682 3006 tecta
698 2942 848 3004 columnis

161 3030 203 3091 Et
215 3028 380 3090 libertinas
397 3050 467 3090 arca
481 3030 618 3109 flagellat
633 3048 723 3110 opes,

118 3113 294 3191 Magnaque
308 3112 446 3174 Niliacae
461 3117 558 3176 servit
572 3116 629 3175 tibi
644 3113 735 3193 gleba
750 3114 886 3193 Syenes,

162 3196 290 3258 Tondet
303 3204 336 3257 et
350 3200 528 3260 innumeros
544 3199 663 3260 Gallica
676 3199 786 3258 Parma
801 3215 920 3276 greges.
1132 3259 1133 3262 ,

120 3280 190 3340 Hoc
205 3300 263 3360 ego
277 3286 374 3361 'tuque
389 3303 507 3343 sumus:
530 3283 587 3344 sed
604 3282 687 3361 quod
703 3302 785 3360 sum,
807 3300 869 3340 non
889 3285 980 3361 potes
995 3299 1081 3341 esse:

79 3374 115 3426 10
165 3365 215 3425 Tu
231 3365 314 3444 quod
328 3385 378 3444 es,
401 3386 418 3427 e
432 3369 546 3450 populo
564 3367 697 3446 quilibet
711 3385 780 3426 esse
795 3371 909 3446 potest.
