2370 3840
85 186 149 251 222
409 186 453 249 Μ.
469 185 562 249 VAL.
578 187 805 253 maculatus

168 339 319 402 Frontem
334 336 476 398 sutilibus
490 340 586 398 ruber
600 340 737 400 coronis:

171 423 223 483 Sic
240 424 294 482 uui
307 422 365 483 tihi
380 423 421 481 sit
435 440 514 502 puer
531 421 677 482 cinaedus

168 507 211 569 Et
226 507 394 566 castissima
408 507 530 587 pruriat
543 504 662 586 puella:

168 591 315 651 Infamem
329 590 423 657 nimio
441 587 543 650 calore
559 590 685 670 Cypron

128 674 340 751 100bsserve,
361 691 471 734 moneo
485 691 677 755 precorque,
698 670 831 752 Flacca,

167 758 289 819 Messes
304 775 377 817 area
392 777 460 818 cum
475 763 559 818 teret
573 763 736 837 crepantes

167 842 209 902 nt
221 842 346 902 fervens
360 842 431 901 iuba
445 842 562 901 saeviet
575 838 685 901 leonis.

167 926 210 985 At
224 932 276 1003 tu,
299 925 368 985 dira
383 925 498 1004 Paphi,
520 926 664 1000 remitte,
685 924 801 984 nostris
874 938 888 963 ⁸

167 1008 310 1070 lllaesum
324 1027 455 1088 puerum
469 1010 594 1069 remitte
608 1009 696 1068 votis.

126 1093 219 1155 losio
233 1092 345 1153 Martis
360 1094 417 1151 tibi
433 1093 569 1153 serviant
581 1089 739 1152 Kalendae

167 1177 210 1237 Et
225 1196 293 1236 cum
307 1183 378 1236 ture
391 1194 541 1254 meroque
555 1177 739 1254 victimaque

166 1260 298 1320 Libetur
312 1262 371 1320 tihi
386 1259 531 1322 candidas
547 1260 585 1320 ad
601 1279 669 1320 aras

168 1343 259 1405 Secta
272 1344 405 1426 plurima
419 1343 535 1424 quadra
552 1344 591 1405 de
606 1341 758 1424 placenta.

564 1479 642 1539 xcl.

167 1574 219 1634 Ad
232 1593 339 1635 cenam
354 1577 381 1634 si
394 1593 444 1634 me
462 1575 584 1635 diversa
598 1581 723 1635 vocaret
736 1575 769 1633 in
784 1579 867 1634 astra

209 1659 292 1718 Hinc
306 1659 454 1718 invitator
470 1659 628 1735 Caesaris,
649 1656 833 1737 indoloria,

167 1742 262 1801 Astra
273 1739 351 1801 licet
364 1743 508 1822 propius,
529 1740 647 1801 Palatia
660 1739 780 1819 longius
796 1748 918 1820 essent,

209 1825 370 1905 Responsa
385 1824 424 1884 ad
437 1843 567 1905 superos
583 1825 660 1884 haec
673 1823 842 1885 referenda
856 1824 977 1886 darem:

141 1909 337 1988 5„Quaerite
353 1911 405 1987 qui
422 1909 509 1969 malit
521 1908 592 1968 fleri
608 1907 733 1968 consiva
746 1909 912 1969 Tonantis:

209 1992 264 2054 Me
280 2011 364 2053 meus
378 1994 411 2052 ia
426 1995 520 2054 terris
535 1993 688 2073 luppiter,
710 2011 799 2072 ecce,
821 1991 941 2053 tenet.“

556 2107 647 2168 xoll.

168 2200 254 2276 Quae
268 2196 348 2258 mala
362 2205 433 2259 sunt
448 2198 579 2279 domiui,
602 2218 681 2280 quae
697 2200 778 2260 servi
793 2198 951 2261 commoda
964 2200 1085 2279 nescir,

210 2281 368 2362 Condylo,
391 2285 443 2362 qui
457 2303 578 2344 servum
593 2289 626 2344 te
641 2284 737 2363 gemis
754 2301 824 2343 esse
837 2283 899 2348 diu.

166 2367 228 2427 Dat
242 2368 300 2427 tibi
315 2384 442 2427 securos
455 2367 524 2428 vilia
541 2367 709 2447 tegeticula
722 2386 862 2446 somnos,

209 2448 347 2530 Pervigil
361 2452 394 2510 in
407 2449 512 2532 pluma
528 2453 637 2529 Gaius,
656 2469 746 2528 ecce,
768 2452 859 2515 iacet.

145 2535 263 2598 5Gaius
278 2555 296 2594 a
311 2536 410 2614 prima
422 2534 645 2596 tremebundus
661 2535 731 2595 luce
746 2533 859 2596 salutat

211 2618 274 2678 Tot
287 2617 443 2696 dominos,
463 2627 494 2679 at
508 2625 558 2698 tu,
582 2616 741 2697 Condylo,
762 2638 821 2678 nec
834 2616 997 2678 domiuum.

167 2701 279 2780 „Quod
294 2701 406 2782 debes,
429 2703 502 2780 Gai,
523 2701 644 2763 redde“
658 2703 760 2780 inquit
772 2702 918 2763 Phoebus
933 2709 965 2762 et
982 2699 1073 2763 illinc

210 2786 390 2846 Cinnamus:
411 2789 472 2848 hoo
487 2786 581 2866 dicit,
604 2784 763 2865 Condyle,
785 2804 875 2845 nemo
892 2787 959 2848 tihi.

169 2870 336 2931 Tortorem
350 2873 486 2932 metuis?
507 2872 644 2952 podagra
658 2871 868 2950 cheragraque
883 2874 1006 2930 secatur

125 2963 160 3018 10
208 2954 302 3015 Gaius
317 2961 350 3013 et
363 2954 470 3016 mallet
482 2959 614 3017 verbera
627 2953 715 3015 mille
729 2955 803 3033 pati.

167 3036 254 3115 Quod
269 3055 328 3097 nec
342 3057 431 3098 mane
445 3042 558 3118 vomis,
578 3059 637 3099 nec
652 3034 808 3115 cunnum,
822 3037 978 3117 Condyle,
999 3034 1106 3119 lingis,

207 3120 277 3182 Non
290 3121 400 3200 mavis,
423 3141 512 3201 quam
526 3131 576 3183 ter
592 3123 684 3185 Gaius
700 3140 770 3182 csse
784 3123 878 3182 tuus?

551 3256 656 3319 xcur.

165 3350 293 3415 Addere
309 3352 383 3433 quid
400 3371 520 3432 cessas,
541 3372 636 3434 puer,
657 3352 832 3416 immortale
847 3352 1040 3417 Falernum?

61 3470 93 3608 Ι
141 3494 144 3501 ,
208 3438 417 3516 Quadrantem
433 3436 555 3520 duplica
570 3438 610 3499 de
624 3441 749 3502 seniore
764 3436 849 3500 cado.
