<?xml version="1.0" encoding="UTF-8"?>
<!DOCTYPE html PUBLIC "-//W3C//DTD XHTML 1.0 Transitional//EN"
    "http://www.w3.org/TR/xhtml1/DTD/xhtml1-transitional.dtd">
<html xmlns="http://www.w3.org/1999/xhtml" xml:lang="en" lang="en">
 <head>
  <title>
</title>
<meta http-equiv="Content-Type" content="text/html;charset=utf-8" />
  <meta name='ocr-system' content='tesseract 3.04.00' />
  <meta name='ocr-capabilities' content='ocr_page ocr_carea ocr_par ocr_line ocrx_word'/>
</head>
<body>
  <div class='ocr_page' id='page_1' title='image "./epigrammatonlib00schngoog_0171.png"; bbox 0 0 2370 3840; ppageno 0'>
   <div class='ocr_carea' id='block_1_1' title="bbox 111 210 828 288">
    <p class='ocr_par' dir='ltr' id='par_1_1' title="bbox 111 210 828 288">
     <span class='ocr_line' id='line_1_1' title="bbox 111 210 828 288; baseline -0.018 0"><span class='ocrx_word' id='word_1_1' title='bbox 111 222 172 288; x_wconf 78' lang='lat'><strong>162</strong></span> <span class='ocrx_word' id='word_1_2' title='bbox 413 210 476 282; x_wconf 74' lang='lat' dir='ltr'><strong>&#39;m</strong></span> <span class='ocrx_word' id='word_1_3' title='bbox 492 217 586 280; x_wconf 85' lang='lat' dir='ltr'><strong>VAL.</strong></span> <span class='ocrx_word' id='word_1_4' title='bbox 601 212 828 279; x_wconf 81' lang='lat' dir='ltr'><strong>MARTlALlS</strong></span> 
     </span>
    </p>
   </div>
   <div class='ocr_carea' id='block_1_2' title="bbox 514 369 696 482">
    <p class='ocr_par' dir='ltr' id='par_1_2' title="bbox 514 369 696 482">
     <span class='ocr_line' id='line_1_2' title="bbox 514 369 696 482; baseline 0 -1"><span class='ocrx_word' id='word_1_5' title='bbox 514 369 518 376; x_wconf 37' lang='lat'>⁸</span> <span class='ocrx_word' id='word_1_6' title='bbox 562 417 696 482; x_wconf 82' lang='lat' dir='ltr'><strong>xavrn.</strong></span> 
     </span>
    </p>
   </div>
   <div class='ocr_carea' id='block_1_3' title="bbox 171 520 878 931">
    <p class='ocr_par' dir='ltr' id='par_1_3' title="bbox 193 520 878 864">
     <span class='ocr_line' id='line_1_3' title="bbox 196 520 806 608; baseline -0.015 -11"><span class='ocrx_word' id='word_1_7' title='bbox 196 535 273 597; x_wconf 82' lang='lat' dir='ltr'><strong>Gum</strong></span> <span class='ocrx_word' id='word_1_8' title='bbox 286 520 407 595; x_wconf 63' lang='lat' dir='ltr'><strong>mensas</strong></span> <span class='ocrx_word' id='word_1_9' title='bbox 420 534 533 594; x_wconf 85' lang='lat' dir='ltr'><strong>habeat</strong></span> <span class='ocrx_word' id='word_1_10' title='bbox 549 534 618 594; x_wconf 83' lang='lat' dir='ltr'><strong>fere</strong></span> <span class='ocrx_word' id='word_1_11' title='bbox 631 535 806 608; x_wconf 85' lang='lat' dir='ltr'><strong>trecentas,</strong></span> 
     </span>
     <span class='ocr_line' id='line_1_4' title="bbox 194 616 814 679; baseline -0.013 0"><span class='ocrx_word' id='word_1_12' title='bbox 194 619 257 679; x_wconf 88' lang='lat' dir='ltr'><strong>Pro</strong></span> <span class='ocrx_word' id='word_1_13' title='bbox 272 618 386 679; x_wconf 88' lang='lat' dir='ltr'><strong>mensis</strong></span> <span class='ocrx_word' id='word_1_14' title='bbox 400 618 495 677; x_wconf 90' lang='lat' dir='ltr'><strong>habet</strong></span> <span class='ocrx_word' id='word_1_15' title='bbox 509 617 628 676; x_wconf 79' lang='lat' dir='ltr'><strong>Annius</strong></span> <span class='ocrx_word' id='word_1_16' title='bbox 641 616 814 674; x_wconf 79' lang='lat' dir='ltr'><strong>ministrosr</strong></span> 
     </span>
     <span class='ocr_line' id='line_1_5' title="bbox 196 695 878 779; baseline -0.013 -13"><span class='ocrx_word' id='word_1_17' title='bbox 196 704 427 766; x_wconf 80' lang='lat' dir='ltr'><strong>Transcurrunt</strong></span> <span class='ocrx_word' id='word_1_18' title='bbox 443 703 570 779; x_wconf 84' lang='lat' dir='ltr'><strong>gabatae</strong></span> <span class='ocrx_word' id='word_1_19' title='bbox 585 698 749 778; x_wconf 83' lang='lat' dir='ltr'><strong>volantque</strong></span> <span class='ocrx_word' id='word_1_20' title='bbox 763 695 878 757; x_wconf 88' lang='lat' dir='ltr'><strong>lances.</strong></span> 
     </span>
     <span class='ocr_line' id='line_1_6' title="bbox 193 780 739 864; baseline -0.013 -17"><span class='ocrx_word' id='word_1_21' title='bbox 193 788 258 847; x_wconf 85' lang='lat' dir='ltr'><strong>llas</strong></span> <span class='ocrx_word' id='word_1_22' title='bbox 273 787 359 847; x_wconf 84' lang='lat' dir='ltr'><strong>vobis</strong></span> <span class='ocrx_word' id='word_1_23' title='bbox 375 783 482 864; x_wconf 85' lang='lat' dir='ltr'><strong>epulas</strong></span> <span class='ocrx_word' id='word_1_24' title='bbox 496 784 625 856; x_wconf 85' lang='lat' dir='ltr'><strong>habete,</strong></span> <span class='ocrx_word' id='word_1_25' title='bbox 646 780 739 842; x_wconf 86' lang='lat' dir='ltr'><strong>lauti:</strong></span> 
     </span>
    </p>

    <p class='ocr_par' dir='ltr' id='par_1_4' title="bbox 171 865 747 931">
     <span class='ocr_line' id='line_1_7' title="bbox 171 865 747 931; baseline -0.009 0"><span class='ocrx_word' id='word_1_26' title='bbox 171 872 256 931; x_wconf 86' lang='lat' dir='ltr'><strong>5Nos</strong></span> <span class='ocrx_word' id='word_1_27' title='bbox 274 870 459 930; x_wconf 81' lang='lat' dir='ltr'><strong>offendimur</strong></span> <span class='ocrx_word' id='word_1_28' title='bbox 474 865 648 927; x_wconf 77' lang='lat' dir='ltr'><strong>ambulante</strong></span> <span class='ocrx_word' id='word_1_29' title='bbox 663 883 747 926; x_wconf 86' lang='lat' dir='ltr'><strong>cena.</strong></span> 
     </span>
    </p>
   </div>
   <div class='ocr_carea' id='block_1_4' title="bbox 577 1025 682 1087">
    <p class='ocr_par' dir='ltr' id='par_1_5' title="bbox 577 1025 682 1087">
     <span class='ocr_line' id='line_1_8' title="bbox 577 1025 682 1087; baseline -0.01 0"><span class='ocrx_word' id='word_1_30' title='bbox 577 1025 682 1087; x_wconf 88' lang='lat' dir='ltr'>XLIX.</span> 
     </span>
    </p>
   </div>
   <div class='ocr_carea' id='block_1_5' title="bbox 193 1136 952 1305">
    <p class='ocr_par' dir='ltr' id='par_1_6' title="bbox 193 1136 952 1305">
     <span class='ocr_line' id='line_1_9' title="bbox 193 1136 940 1204; baseline -0.008 -2"><span class='ocrx_word' id='word_1_31' title='bbox 193 1143 291 1204; x_wconf 79' lang='lat' dir='ltr'><strong>Parva</strong></span> <span class='ocrx_word' id='word_1_32' title='bbox 305 1140 471 1203; x_wconf 78' lang='lat' dir='ltr'><strong>suburbani</strong></span> <span class='ocrx_word' id='word_1_33' title='bbox 485 1136 665 1200; x_wconf 88' lang='lat' dir='ltr'><strong>munuscula</strong></span> <span class='ocrx_word' id='word_1_34' title='bbox 678 1138 826 1198; x_wconf 84' lang='lat' dir='ltr'><strong>mittimus</strong></span> <span class='ocrx_word' id='word_1_35' title='bbox 840 1137 940 1197; x_wconf 84' lang='lat' dir='ltr'><strong>horti:</strong></span> 
     </span>
     <span class='ocr_line' id='line_1_10' title="bbox 235 1218 952 1305; baseline -0.008 -18"><span class='ocrx_word' id='word_1_36' title='bbox 235 1226 388 1287; x_wconf 82' lang='lat' dir='ltr'><strong>Faucibus</strong></span> <span class='ocrx_word' id='word_1_37' title='bbox 404 1244 458 1284; x_wconf 83' lang='lat' dir='ltr'><strong>ova</strong></span> <span class='ocrx_word' id='word_1_38' title='bbox 472 1225 551 1303; x_wconf 87' lang='lat' dir='ltr'><strong>tuis,</strong></span> <span class='ocrx_word' id='word_1_39' title='bbox 571 1243 677 1305; x_wconf 85' lang='lat' dir='ltr'><strong>poma,</strong></span> <span class='ocrx_word' id='word_1_40' title='bbox 698 1221 832 1301; x_wconf 76' lang='lat' dir='ltr'><strong>severe,</strong></span> <span class='ocrx_word' id='word_1_41' title='bbox 852 1218 952 1300; x_wconf 75' lang='lat' dir='ltr'><strong>gulae.</strong></span> 
     </span>
    </p>
   </div>
   <div class='ocr_carea' id='block_1_6' title="bbox 613 1387 639 1448">
    <p class='ocr_par' dir='ltr' id='par_1_7' title="bbox 613 1387 639 1448">
     <span class='ocr_line' id='line_1_11' title="bbox 613 1387 639 1448; baseline 0 0"><span class='ocrx_word' id='word_1_42' title='bbox 613 1387 639 1448; x_wconf 88' lang='lat' dir='ltr'>L</span> 
     </span>
    </p>
   </div>
   <div class='ocr_carea' id='block_1_7' title="bbox 157 1493 1029 2199">
    <p class='ocr_par' dir='ltr' id='par_1_8' title="bbox 195 1493 1029 1661">
     <span class='ocr_line' id='line_1_12' title="bbox 195 1493 1029 1579; baseline -0.007 -19"><span class='ocrx_word' id='word_1_43' title='bbox 195 1500 279 1560; x_wconf 85' lang='lat' dir='ltr'><strong>Fons</strong></span> <span class='ocrx_word' id='word_1_44' title='bbox 295 1497 452 1578; x_wconf 88' lang='lat' dir='ltr'><strong>dominae,</strong></span> <span class='ocrx_word' id='word_1_45' title='bbox 472 1500 673 1579; x_wconf 70' lang='lat' dir='ltr'><strong>raginelmi,</strong></span> <span class='ocrx_word' id='word_1_46' title='bbox 695 1517 755 1578; x_wconf 87' lang='lat' dir='ltr'><strong>quo</strong></span> <span class='ocrx_word' id='word_1_47' title='bbox 772 1495 885 1576; x_wconf 80' lang='lat' dir='ltr'><strong>gaudet</strong></span> <span class='ocrx_word' id='word_1_48' title='bbox 898 1493 1029 1568; x_wconf 80' lang='lat' dir='ltr'><strong>Ianthis,</strong></span> 
     </span>
     <span class='ocr_line' id='line_1_13' title="bbox 237 1579 903 1661; baseline -0.003 -19"><span class='ocrx_word' id='word_1_49' title='bbox 237 1580 346 1642; x_wconf 83' lang='lat' dir='ltr'><strong>Gloria</strong></span> <span class='ocrx_word' id='word_1_50' title='bbox 359 1583 541 1661; x_wconf 84' lang='lat' dir='ltr'><strong>conspicuae</strong></span> <span class='ocrx_word' id='word_1_51' title='bbox 557 1582 762 1660; x_wconf 84' lang='lat' dir='ltr'><strong>deliciumque</strong></span> <span class='ocrx_word' id='word_1_52' title='bbox 780 1579 903 1658; x_wconf 84' lang='lat' dir='ltr'><strong>domus,</strong></span> 
     </span>
    </p>

    <p class='ocr_par' dir='ltr' id='par_1_9' title="bbox 195 1665 902 1827">
     <span class='ocr_line' id='line_1_14' title="bbox 195 1665 902 1745; baseline -0.006 -19"><span class='ocrx_word' id='word_1_53' title='bbox 195 1666 272 1727; x_wconf 81' lang='lat' dir='ltr'><strong>Cum</strong></span> <span class='ocrx_word' id='word_1_54' title='bbox 286 1671 339 1724; x_wconf 85' lang='lat' dir='ltr'><strong>tua</strong></span> <span class='ocrx_word' id='word_1_55' title='bbox 351 1671 400 1724; x_wconf 88' lang='lat' dir='ltr'><strong>tot</strong></span> <span class='ocrx_word' id='word_1_56' title='bbox 413 1667 511 1725; x_wconf 87' lang='lat' dir='ltr'><strong>niveis</strong></span> <span class='ocrx_word' id='word_1_57' title='bbox 527 1670 656 1725; x_wconf 84' lang='lat' dir='ltr'><strong>ornetur</strong></span> <span class='ocrx_word' id='word_1_58' title='bbox 670 1667 739 1745; x_wconf 85' lang='lat' dir='ltr'><strong>ripa</strong></span> <span class='ocrx_word' id='word_1_59' title='bbox 753 1665 902 1723; x_wconf 89' lang='lat' dir='ltr'><strong>ministris</strong></span> 
     </span>
     <span class='ocr_line' id='line_1_15' title="bbox 236 1746 831 1827; baseline -0.007 -17"><span class='ocrx_word' id='word_1_60' title='bbox 236 1750 278 1810; x_wconf 79' lang='lat' dir='ltr'><strong>Et</strong></span> <span class='ocrx_word' id='word_1_61' title='bbox 292 1746 492 1827; x_wconf 80' lang='lat' dir='ltr'><strong>Ganymedeo</strong></span> <span class='ocrx_word' id='word_1_62' title='bbox 506 1747 610 1808; x_wconf 88' lang='lat' dir='ltr'><strong>luceat</strong></span> <span class='ocrx_word' id='word_1_63' title='bbox 623 1746 705 1807; x_wconf 85' lang='lat' dir='ltr'><strong>unda</strong></span> <span class='ocrx_word' id='word_1_64' title='bbox 719 1748 831 1807; x_wconf 85' lang='lat' dir='ltr'><strong>choro:</strong></span> 
     </span>
    </p>

    <p class='ocr_par' dir='ltr' id='par_1_10' title="bbox 157 1829 895 1909">
     <span class='ocr_line' id='line_1_16' title="bbox 157 1829 895 1909; baseline -0.007 -16"><span class='ocrx_word' id='word_1_65' title='bbox 157 1831 278 1909; x_wconf 64' lang='lat' dir='ltr'><strong>‚anid</strong></span> <span class='ocrx_word' id='word_1_66' title='bbox 291 1832 367 1892; x_wconf 80' lang='lat' dir='ltr'><strong>facit</strong></span> <span class='ocrx_word' id='word_1_67' title='bbox 382 1830 511 1892; x_wconf 87' lang='lat' dir='ltr'><strong>Alcides</strong></span> <span class='ocrx_word' id='word_1_68' title='bbox 526 1831 602 1892; x_wconf 85' lang='lat' dir='ltr'><strong>silva</strong></span> <span class='ocrx_word' id='word_1_69' title='bbox 616 1837 752 1892; x_wconf 85' lang='lat' dir='ltr'><strong>sacratus</strong></span> <span class='ocrx_word' id='word_1_70' title='bbox 766 1832 799 1890; x_wconf 89' lang='lat' dir='ltr'><strong>ln</strong></span> <span class='ocrx_word' id='word_1_71' title='bbox 812 1829 895 1889; x_wconf 72' lang='lat' dir='ltr'><strong>ista?</strong></span> 
     </span>
    </p>

    <p class='ocr_par' dir='ltr' id='par_1_11' title="bbox 235 1913 885 1978">
     <span class='ocr_line' id='line_1_17' title="bbox 235 1913 885 1978; baseline -0.002 -3"><span class='ocrx_word' id='word_1_72' title='bbox 235 1916 312 1975; x_wconf 86' lang='lat' dir='ltr'><strong>Tam</strong></span> <span class='ocrx_word' id='word_1_73' title='bbox 326 1917 426 1978; x_wconf 83' lang='lat' dir='ltr'><strong>vicina</strong></span> <span class='ocrx_word' id='word_1_74' title='bbox 439 1916 498 1976; x_wconf 88' lang='lat' dir='ltr'><strong>tibi</strong></span> <span class='ocrx_word' id='word_1_75' title='bbox 512 1936 567 1976; x_wconf 88' lang='lat' dir='ltr'><strong>cur</strong></span> <span class='ocrx_word' id='word_1_76' title='bbox 580 1920 669 1976; x_wconf 85' lang='lat' dir='ltr'><strong>tenet</strong></span> <span class='ocrx_word' id='word_1_77' title='bbox 684 1920 772 1975; x_wconf 85' lang='lat' dir='ltr'><strong>antra</strong></span> <span class='ocrx_word' id='word_1_78' title='bbox 787 1913 885 1975; x_wconf 77' lang='lat' dir='ltr'><strong>densi</strong></span> 
     </span>
    </p>

    <p class='ocr_par' dir='ltr' id='par_1_12' title="bbox 192 1998 981 2199">
     <span class='ocr_line' id='line_1_18' title="bbox 192 1998 981 2081; baseline 0 -23"><span class='ocrx_word' id='word_1_79' title='bbox 192 1999 347 2078; x_wconf 84' lang='lat' dir='ltr'><strong>Numquid</strong></span> <span class='ocrx_word' id='word_1_80' title='bbox 360 1998 568 2081; x_wconf 80' lang='lat' dir='ltr'><strong>Nympharum</strong></span> <span class='ocrx_word' id='word_1_81' title='bbox 582 2006 672 2062; x_wconf 85' lang='lat' dir='ltr'><strong>notos</strong></span> <span class='ocrx_word' id='word_1_82' title='bbox 687 2001 830 2060; x_wconf 84' lang='lat' dir='ltr'><strong>observat</strong></span> <span class='ocrx_word' id='word_1_83' title='bbox 845 2016 981 2072; x_wconf 87' lang='lat' dir='ltr'><strong>amores,</strong></span> 
     </span>
     <span class='ocr_line' id='line_1_19' title="bbox 235 2081 914 2199; baseline -0.001 -56"><span class='ocrx_word' id='word_1_84' title='bbox 235 2084 313 2143; x_wconf 85' lang='lat' dir='ltr'><strong>Tam</strong></span> <span class='ocrx_word' id='word_1_85' title='bbox 327 2082 417 2199; x_wconf 62' lang='lat' dir='ltr'><strong>multi</strong></span> <span class='ocrx_word' id='word_1_86' title='bbox 428 2086 548 2165; x_wconf 85' lang='lat' dir='ltr'><strong>pariter</strong></span> <span class='ocrx_word' id='word_1_87' title='bbox 560 2103 601 2146; x_wconf 88' lang='lat' dir='ltr'><strong>ne</strong></span> <span class='ocrx_word' id='word_1_88' title='bbox 616 2085 775 2167; x_wconf 85' lang='lat' dir='ltr'><strong>rapiantur</strong></span> <span class='ocrx_word' id='word_1_89' title='bbox 790 2081 914 2162; x_wconf 76' lang='lat' dir='ltr'><strong>Hylae?</strong></span> 
     </span>
    </p>
   </div>
   <div class='ocr_carea' id='block_1_8' title="bbox 605 2248 655 2311">
    <p class='ocr_par' dir='ltr' id='par_1_13' title="bbox 605 2248 655 2311">
     <span class='ocr_line' id='line_1_20' title="bbox 605 2248 655 2311; baseline 0.02 -2"><span class='ocrx_word' id='word_1_90' title='bbox 605 2248 655 2311; x_wconf 88' lang='lat' dir='ltr'><strong>LI.</strong></span> 
     </span>
    </p>
   </div>
   <div class='ocr_carea' id='block_1_9' title="bbox 151 2360 1144 3530">
    <p class='ocr_par' dir='ltr' id='par_1_14' title="bbox 151 2360 1144 3530">
     <span class='ocr_line' id='line_1_21' title="bbox 192 2360 939 2441; baseline -0.004 -20"><span class='ocrx_word' id='word_1_91' title='bbox 192 2360 331 2421; x_wconf 87' lang='lat' dir='ltr'><strong>Mercari</strong></span> <span class='ocrx_word' id='word_1_92' title='bbox 344 2367 466 2420; x_wconf 90' lang='lat' dir='ltr'><strong>nostras</strong></span> <span class='ocrx_word' id='word_1_93' title='bbox 481 2363 507 2421; x_wconf 88' lang='lat' dir='ltr'><strong>si</strong></span> <span class='ocrx_word' id='word_1_94' title='bbox 522 2368 555 2421; x_wconf 81' lang='lat' dir='ltr'><strong>to</strong></span> <span class='ocrx_word' id='word_1_95' title='bbox 569 2363 671 2441; x_wconf 81' lang='lat' dir='ltr'><strong>piget,</strong></span> <span class='ocrx_word' id='word_1_96' title='bbox 692 2362 825 2438; x_wconf 79' lang='lat' dir='ltr'><strong>Urbica,</strong></span> <span class='ocrx_word' id='word_1_97' title='bbox 845 2378 939 2437; x_wconf 81' lang='lat' dir='ltr'><strong>nugas</strong></span> 
     </span>
     <span class='ocr_line' id='line_1_22' title="bbox 233 2441 907 2520; baseline -0.001 -17"><span class='ocrx_word' id='word_1_98' title='bbox 233 2444 276 2503; x_wconf 74' lang='lat' dir='ltr'><strong>nt</strong></span> <span class='ocrx_word' id='word_1_99' title='bbox 287 2442 400 2503; x_wconf 85' lang='lat' dir='ltr'><strong>lasciva</strong></span> <span class='ocrx_word' id='word_1_100' title='bbox 414 2451 517 2504; x_wconf 90' lang='lat' dir='ltr'><strong>tamen</strong></span> <span class='ocrx_word' id='word_1_101' title='bbox 532 2446 665 2503; x_wconf 88' lang='lat' dir='ltr'><strong>carmina</strong></span> <span class='ocrx_word' id='word_1_102' title='bbox 678 2462 770 2503; x_wconf 86' lang='lat' dir='ltr'><strong>nosse</strong></span> <span class='ocrx_word' id='word_1_103' title='bbox 783 2441 879 2520; x_wconf 85' lang='lat' dir='ltr'><strong>libet,</strong></span> <span class='ocrx_word' id='word_1_104' title='bbox 903 2480 907 2491; x_wconf 87' lang='lat'><em>·</em></span> 
     </span>
     <span class='ocr_line' id='line_1_23' title="bbox 192 2525 1079 2605; baseline -0.001 -21"><span class='ocrx_word' id='word_1_105' title='bbox 192 2526 372 2605; x_wconf 88' lang='lat' dir='ltr'><strong>Pompeium</strong></span> <span class='ocrx_word' id='word_1_106' title='bbox 387 2545 517 2604; x_wconf 84' lang='lat' dir='ltr'><strong>quaeres</strong></span> <span class='ocrx_word' id='word_1_107' title='bbox 529 2559 573 2573; x_wconf 90' lang='lat'>—</span> <span class='ocrx_word' id='word_1_108' title='bbox 588 2533 621 2586; x_wconf 90' lang='lat' dir='ltr'><strong>et</strong></span> <span class='ocrx_word' id='word_1_109' title='bbox 633 2527 717 2585; x_wconf 92' lang='lat' dir='ltr'><strong>nosti</strong></span> <span class='ocrx_word' id='word_1_110' title='bbox 729 2527 865 2585; x_wconf 84' lang='lat' dir='ltr'><strong>forsitan</strong></span> <span class='ocrx_word' id='word_1_111' title='bbox 878 2559 913 2567; x_wconf 94' lang='lat'><em>-</em></span> <span class='ocrx_word' id='word_1_112' title='bbox 930 2525 1079 2600; x_wconf 85' lang='lat' dir='ltr'><strong>Auctum;</strong></span> 
     </span>
     <span class='ocr_line' id='line_1_24' title="bbox 234 2606 851 2691; baseline -0.002 -23"><span class='ocrx_word' id='word_1_113' title='bbox 234 2608 356 2669; x_wconf 89' lang='lat' dir='ltr'><strong>Ultoris</strong></span> <span class='ocrx_word' id='word_1_114' title='bbox 368 2613 467 2691; x_wconf 88' lang='lat' dir='ltr'><strong>prima</strong></span> <span class='ocrx_word' id='word_1_115' title='bbox 480 2609 592 2670; x_wconf 88' lang='lat' dir='ltr'><strong>Martis</strong></span> <span class='ocrx_word' id='word_1_116' title='bbox 605 2611 638 2668; x_wconf 92' lang='lat' dir='ltr'><strong>in</strong></span> <span class='ocrx_word' id='word_1_117' title='bbox 654 2606 731 2668; x_wconf 87' lang='lat' dir='ltr'><strong>aede</strong></span> <span class='ocrx_word' id='word_1_118' title='bbox 747 2608 851 2668; x_wconf 83' lang='lat' dir='ltr'><strong>sedet:</strong></span> 
     </span>
     <span class='ocr_line' id='line_1_25' title="bbox 171 2690 940 2772; baseline -0.005 -18"><span class='ocrx_word' id='word_1_119' title='bbox 171 2693 264 2754; x_wconf 78' lang='lat' dir='ltr'><strong>blure</strong></span> <span class='ocrx_word' id='word_1_120' title='bbox 279 2692 405 2754; x_wconf 84' lang='lat' dir='ltr'><strong>madens</strong></span> <span class='ocrx_word' id='word_1_121' title='bbox 419 2694 565 2772; x_wconf 85' lang='lat' dir='ltr'><strong>varioque</strong></span> <span class='ocrx_word' id='word_1_122' title='bbox 579 2698 670 2770; x_wconf 81' lang='lat' dir='ltr'><strong>togae</strong></span> <span class='ocrx_word' id='word_1_123' title='bbox 684 2690 807 2752; x_wconf 88' lang='lat' dir='ltr'><strong>limatus</strong></span> <span class='ocrx_word' id='word_1_124' title='bbox 822 2693 855 2750; x_wconf 91' lang='lat' dir='ltr'><strong>in</strong></span> <span class='ocrx_word' id='word_1_125' title='bbox 868 2710 940 2770; x_wconf 83' lang='lat' dir='ltr'><strong>usu,</strong></span> 
     </span>
     <span class='ocr_line' id='line_1_26' title="bbox 234 2771 998 2856; baseline 0.004 -21"><span class='ocrx_word' id='word_1_126' title='bbox 234 2777 302 2836; x_wconf 91' lang='lat' dir='ltr'><strong>Non</strong></span> <span class='ocrx_word' id='word_1_127' title='bbox 317 2775 419 2838; x_wconf 85' lang='lat' dir='ltr'><strong>lector</strong></span> <span class='ocrx_word' id='word_1_128' title='bbox 433 2797 518 2838; x_wconf 86' lang='lat' dir='ltr'><strong>meus</strong></span> <span class='ocrx_word' id='word_1_129' title='bbox 532 2779 598 2856; x_wconf 90' lang='lat' dir='ltr'><strong>hic,</strong></span> <span class='ocrx_word' id='word_1_130' title='bbox 620 2776 753 2854; x_wconf 79' lang='lat' dir='ltr'><strong>Urbica,</strong></span> <span class='ocrx_word' id='word_1_131' title='bbox 774 2771 831 2835; x_wconf 85' lang='lat' dir='ltr'><strong>sed</strong></span> <span class='ocrx_word' id='word_1_132' title='bbox 843 2774 926 2837; x_wconf 86' lang='lat' dir='ltr'><strong>liber</strong></span> <span class='ocrx_word' id='word_1_133' title='bbox 941 2781 998 2838; x_wconf 91' lang='lat' dir='ltr'><strong>est.</strong></span> 
     </span>
     <span class='ocr_line' id='line_1_27' title="bbox 193 2856 979 2940; baseline 0.001 -20"><span class='ocrx_word' id='word_1_134' title='bbox 193 2860 244 2921; x_wconf 87' lang='lat' dir='ltr'><strong>Sic</strong></span> <span class='ocrx_word' id='word_1_135' title='bbox 259 2866 347 2920; x_wconf 84' lang='lat' dir='ltr'><strong>tenet</strong></span> <span class='ocrx_word' id='word_1_136' title='bbox 360 2863 504 2923; x_wconf 83' lang='lat' dir='ltr'><strong>absentes</strong></span> <span class='ocrx_word' id='word_1_137' title='bbox 519 2868 642 2923; x_wconf 88' lang='lat' dir='ltr'><strong>nostros</strong></span> <span class='ocrx_word' id='word_1_138' title='bbox 657 2864 821 2940; x_wconf 85' lang='lat' dir='ltr'><strong>cantatque</strong></span> <span class='ocrx_word' id='word_1_139' title='bbox 835 2856 979 2938; x_wconf 86' lang='lat' dir='ltr'><strong>libellos,</strong></span> 
     </span>
     <span class='ocr_line' id='line_1_28' title="bbox 233 2943 848 3024; baseline 0.007 -19"><span class='ocrx_word' id='word_1_140' title='bbox 233 2945 277 3005; x_wconf 88' lang='lat' dir='ltr'><strong>Ut</strong></span> <span class='ocrx_word' id='word_1_141' title='bbox 290 2951 400 3024; x_wconf 88' lang='lat' dir='ltr'><strong>pereat</strong></span> <span class='ocrx_word' id='word_1_142' title='bbox 414 2947 529 3007; x_wconf 88' lang='lat' dir='ltr'><strong>chartis</strong></span> <span class='ocrx_word' id='word_1_143' title='bbox 544 2947 651 3008; x_wconf 86' lang='lat' dir='ltr'><strong>littera</strong></span> <span class='ocrx_word' id='word_1_144' title='bbox 662 2943 749 3006; x_wconf 86' lang='lat' dir='ltr'><strong>nulla</strong></span> <span class='ocrx_word' id='word_1_145' title='bbox 761 2946 848 3009; x_wconf 87' lang='lat' dir='ltr'><strong>meis.</strong></span> 
     </span>
     <span class='ocr_line' id='line_1_29' title="bbox 191 3027 973 3111; baseline -0.001 -23"><span class='ocrx_word' id='word_1_146' title='bbox 191 3028 348 3105; x_wconf 80' lang='lat' dir='ltr'><strong>Denique,</strong></span> <span class='ocrx_word' id='word_1_147' title='bbox 371 3030 397 3087; x_wconf 89' lang='lat' dir='ltr'><strong>si</strong></span> <span class='ocrx_word' id='word_1_148' title='bbox 410 3027 522 3107; x_wconf 84' lang='lat' dir='ltr'><strong>vellet,</strong></span> <span class='ocrx_word' id='word_1_149' title='bbox 542 3036 667 3111; x_wconf 88' lang='lat' dir='ltr'><strong>poterat</strong></span> <span class='ocrx_word' id='word_1_150' title='bbox 682 3029 843 3111; x_wconf 86' lang='lat' dir='ltr'><strong>scripsisse</strong></span> <span class='ocrx_word' id='word_1_151' title='bbox 857 3027 973 3101; x_wconf 80' lang='lat' dir='ltr'><strong>videri3</strong></span> 
     </span>
     <span class='ocr_line' id='line_1_30' title="bbox 151 3111 837 3177; baseline 0 -5"><span class='ocrx_word' id='word_1_152' title='bbox 151 3123 185 3177; x_wconf 84' lang='lat'><strong>10</strong></span> <span class='ocrx_word' id='word_1_153' title='bbox 234 3111 297 3172; x_wconf 84' lang='lat' dir='ltr'><strong>Sed</strong></span> <span class='ocrx_word' id='word_1_154' title='bbox 309 3112 409 3171; x_wconf 85' lang='lat' dir='ltr'><strong>famae</strong></span> <span class='ocrx_word' id='word_1_155' title='bbox 425 3112 537 3173; x_wconf 85' lang='lat' dir='ltr'><strong>mavolt</strong></span> <span class='ocrx_word' id='word_1_156' title='bbox 550 3113 607 3175; x_wconf 86' lang='lat' dir='ltr'><strong>ille</strong></span> <span class='ocrx_word' id='word_1_157' title='bbox 621 3115 726 3175; x_wconf 84' lang='lat' dir='ltr'><strong>favere</strong></span> <span class='ocrx_word' id='word_1_158' title='bbox 740 3132 837 3174; x_wconf 85' lang='lat' dir='ltr'><strong>meae.</strong></span> 
     </span>
     <span class='ocr_line' id='line_1_31' title="bbox 191 3193 1144 3276; baseline -0.005 -19"><span class='ocrx_word' id='word_1_159' title='bbox 191 3197 282 3257; x_wconf 88' lang='lat' dir='ltr'><strong>Hunc</strong></span> <span class='ocrx_word' id='word_1_160' title='bbox 294 3193 370 3256; x_wconf 90' lang='lat' dir='ltr'><strong>licet</strong></span> <span class='ocrx_word' id='word_1_161' title='bbox 385 3215 402 3256; x_wconf 85' lang='lat' dir='ltr'><strong>a</strong></span> <span class='ocrx_word' id='word_1_162' title='bbox 416 3195 536 3257; x_wconf 85' lang='lat' dir='ltr'><strong>decima</strong></span> <span class='ocrx_word' id='word_1_163' title='bbox 545 3231 588 3243; x_wconf 91' lang='grc'>-</span> <span class='ocrx_word' id='word_1_164' title='bbox 597 3217 699 3276; x_wconf 83' lang='lat' dir='ltr'><strong>neque</strong></span> <span class='ocrx_word' id='word_1_165' title='bbox 715 3199 796 3258; x_wconf 87' lang='lat' dir='ltr'><strong>enim</strong></span> <span class='ocrx_word' id='word_1_166' title='bbox 807 3197 881 3257; x_wconf 85' lang='lat' dir='ltr'><strong>satis</strong></span> <span class='ocrx_word' id='word_1_167' title='bbox 894 3199 965 3256; x_wconf 86' lang='lat' dir='ltr'><strong>ante</strong></span> <span class='ocrx_word' id='word_1_168' title='bbox 975 3193 1094 3255; x_wconf 82' lang='lat' dir='ltr'><strong>vacabit</strong></span> <span class='ocrx_word' id='word_1_169' title='bbox 1106 3227 1144 3240; x_wconf 89' lang='lat'><strong>·-</strong></span> 
     </span>
     <span class='ocr_line' id='line_1_32' title="bbox 234 3278 862 3360; baseline -0.003 -21"><span class='ocrx_word' id='word_1_170' title='bbox 234 3278 409 3357; x_wconf 82' lang='lat' dir='ltr'><strong>Sollicitas,</strong></span> <span class='ocrx_word' id='word_1_171' title='bbox 431 3281 534 3359; x_wconf 85' lang='lat' dir='ltr'><strong>capiet</strong></span> <span class='ocrx_word' id='word_1_172' title='bbox 547 3279 656 3340; x_wconf 87' lang='lat' dir='ltr'><strong>cenula</strong></span> <span class='ocrx_word' id='word_1_173' title='bbox 669 3301 763 3360; x_wconf 83' lang='lat' dir='ltr'><strong>parva</strong></span> <span class='ocrx_word' id='word_1_174' title='bbox 777 3279 862 3340; x_wconf 87' lang='lat' dir='ltr'><strong>duos.</strong></span> 
     </span>
     <span class='ocr_line' id='line_1_33' title="bbox 190 3361 968 3444; baseline -0.004 -20"><span class='ocrx_word' id='word_1_175' title='bbox 190 3362 248 3425; x_wconf 90' lang='lat' dir='ltr'><strong>llle</strong></span> <span class='ocrx_word' id='word_1_176' title='bbox 263 3362 365 3443; x_wconf 83' lang='lat' dir='ltr'><strong>leget,</strong></span> <span class='ocrx_word' id='word_1_177' title='bbox 386 3365 459 3425; x_wconf 90' lang='lat' dir='ltr'><strong>bibe</strong></span> <span class='ocrx_word' id='word_1_178' title='bbox 474 3370 523 3424; x_wconf 83' lang='lat' dir='ltr'><strong>tu:</strong></span> <span class='ocrx_word' id='word_1_179' title='bbox 545 3362 634 3425; x_wconf 89' lang='lat' dir='ltr'><strong>noles</strong></span> <span class='ocrx_word' id='word_1_180' title='bbox 648 3363 740 3444; x_wconf 82' lang='lat' dir='ltr'><strong>licet,</strong></span> <span class='ocrx_word' id='word_1_181' title='bbox 761 3361 819 3424; x_wconf 85' lang='lat' dir='ltr'><strong>illo</strong></span> <span class='ocrx_word' id='word_1_182' title='bbox 833 3362 968 3422; x_wconf 86' lang='lat' dir='ltr'><strong>sonabit:</strong></span> 
     </span>
     <span class='ocr_line' id='line_1_34' title="bbox 234 3445 965 3530; baseline -0.004 -20"><span class='ocrx_word' id='word_1_183' title='bbox 234 3450 277 3510; x_wconf 80' lang='lat' dir='ltr'><strong>Et</strong></span> <span class='ocrx_word' id='word_1_184' title='bbox 291 3467 360 3510; x_wconf 87' lang='lat' dir='ltr'><strong>cum</strong></span> <span class='ocrx_word' id='word_1_185' title='bbox 374 3449 458 3530; x_wconf 86' lang='lat' dir='ltr'><strong>„lam</strong></span> <span class='ocrx_word' id='word_1_186' title='bbox 471 3450 546 3510; x_wconf 88' lang='lat' dir='ltr'><strong>satis</strong></span> <span class='ocrx_word' id='word_1_187' title='bbox 561 3447 631 3509; x_wconf 87' lang='lat' dir='ltr'><strong>est“</strong></span> <span class='ocrx_word' id='word_1_188' title='bbox 650 3447 781 3526; x_wconf 82' lang='lat' dir='ltr'><strong>dixeris,</strong></span> <span class='ocrx_word' id='word_1_189' title='bbox 801 3445 857 3509; x_wconf 85' lang='lat' dir='ltr'><strong>ille</strong></span> <span class='ocrx_word' id='word_1_190' title='bbox 871 3445 965 3526; x_wconf 79' lang='lat' dir='ltr'><strong>leget</strong></span> 
     </span>
    </p>
   </div>
   <div class='ocr_carea' id='block_1_10' title="bbox 0 0 1190 3840">
    <p class='ocr_par' dir='ltr' id='par_1_15' title="bbox 0 0 1190 3840">
     <span class='ocr_line' id='line_1_35' title="bbox 0 0 1190 3840; baseline 0 0"><span class='ocrx_word' id='word_1_191' title='bbox 0 0 1190 3840; x_wconf 95' lang='lat' dir='ltr'><strong> </strong></span> 
     </span>
    </p>
   </div>
  </div>
 </body>
</html>
