2370 3840
82 182 143 248 120
264 263 268 269 ,
412 185 457 246 n.
475 183 565 245 vau.
586 183 807 244 nanninus

579 335 628 395 Ll.

169 452 245 530 llic,
269 452 321 531 qui
334 447 451 509 libellis
466 467 665 529 praegravem
682 449 763 526 gerit
780 448 911 529 laevam,

168 534 365 598 Notariorum
385 552 474 612 quem
489 533 604 612 premit
618 532 730 591 chorus
744 529 839 611 lctis,

170 619 230 694 9ιιί
245 617 396 678 codicillis
412 618 484 676 hinc
503 623 536 676 et
549 616 623 676 inde
637 615 766 696 prolatis

169 701 380 782 Epistolisque
397 699 569 760 commodat
584 719 705 778 gravem
721 699 838 763 voltum

147 785 287 850 osimili·
304 786 414 846 Catoni
431 782 601 862 Tullioque
616 784 790 864 Brutoque,

169 872 370 950 ExprImere,
392 868 490 947 Rufe,
511 867 654 929 fidiculae
668 867 745 928 licet
760 875 891 948 cogant,

169 955 235 1014 Ave
251 955 408 1032 Latinum,
424 960 515 1031 χαῖρε
530 971 592 1012 uon
606 960 712 1033 potest
727 953 889 1018 Graecum,

171 1039 204 1098 Si
219 1039 338 1116 lingere
353 1036 437 1097 istud
454 1055 503 1097 me
517 1042 622 1117 putas,
644 1036 818 1098 salutemus.

573 1171 634 1230 Lll.

171 1271 256 1348 Quae
272 1272 347 1331 mihi
362 1271 558 1352 praestiteris
576 1272 700 1330 memini
720 1289 904 1350 semperque
918 1272 1042 1334 teucho.

213 1357 276 1416 Cur
290 1356 385 1435 igitur
399 1361 503 1433 taceo,
524 1355 692 1415 Postume?
726 1355 775 1415 Tu
788 1353 936 1434 loqueris.

171 1439 286 1519 lucipio
303 1441 445 1519 quotiens
460 1438 550 1499 alicui
564 1447 616 1499 tua
635 1439 714 1500 dona
728 1439 868 1516 referre,

215 1524 361 1582 Protinus
377 1522 525 1583 exclamat
539 1523 690 1602 „Dixerat
703 1525 770 1604 ipse
787 1523 895 1584 mihi.“

148 1605 243 1668 anon
259 1605 343 1666 belle
360 1605 507 1684 quaedam
521 1607 639 1666 faciunt
654 1605 730 1666 duo:
752 1608 868 1667 suflicit
882 1625 961 1667 unus

214 1690 294 1749 Huic
308 1691 413 1770 operi:
436 1691 462 1749 si
476 1692 537 1767 vis,
559 1695 594 1749 ut
607 1688 734 1770 loquar,
756 1693 824 1772 ipse
841 1698 920 1752 tuce.

173 1773 277 1835 Crede
293 1774 384 1852 mihi,
406 1774 540 1853 quamvis
554 1776 708 1855 ingentia,
730 1775 893 1854 Postume,
917 1774 996 1836 dona

212 1858 357 1918 Auctoris
373 1864 506 1938 pereunt
521 1856 703 1937 garrulitate
719 1861 775 1922 sui.

574 1993 647 2054 Llll.
743 2039 745 2043 ‚

175 2087 325 2153 Colchida
341 2089 415 2171 quid
430 2091 555 2169 scribis,
573 2090 648 2171 quid
662 2091 789 2167 scribis,
807 2091 920 2169 amice,
945 2092 1132 2172 Thyesten?

216 2175 282 2251 Quo
297 2178 354 2237 tibi
370 2175 419 2235 vel
432 2175 571 2253 Nioben,
593 2176 703 2252 Basse,
725 2172 776 2234 vel
790 2173 1052 2237 Andromachen?

170 2259 306 2321 Materia
321 2267 384 2340 est,
407 2261 481 2319 mihi
498 2259 609 2338 crede,
633 2260 694 2319 tuis
711 2260 867 2339 aptissima
881 2261 996 2323 chartis

215 2344 401 2422 Deucalion,
423 2342 473 2403 vel
489 2345 515 2403 si
527 2363 589 2402 uon
603 2343 708 2423 placet
720 2344 789 2421 hic,
810 2344 980 2406 Phaethon.

568 2467 644 2531 LlV.

171 2563 397 2645 Extemporalis
412 2567 511 2626 lactus
526 2572 574 2626 est
588 2585 673 2626 meus
687 2567 810 2628 rhetor:

174 2645 374 2729 Calpurnium
389 2670 452 2711 nou
468 2651 609 2731 scripsit,
632 2657 664 2711 et
679 2649 830 2712 salutavit.

576 2786 640 2849 LV.

172 2880 229 2939 llic
241 2881 326 2959 mihi,
342 2901 432 2961 quem
445 2890 561 2964 portas,
576 2882 735 2944 volucrum
746 2883 876 2963 regina?
898 2881 1132 2963 „Tonantem.“

212 2963 305 3024 Nulla
320 2985 410 3026 manu
426 2987 519 3046 quare
536 2965 664 3029 fulmina
679 2968 801 3047 gestat?
833 2967 976 3047 „Amat.“

174 3049 240 3125 Quo
255 3048 340 3109 calet
352 3052 424 3129 igne
439 3050 537 3112 deus‘.l
563 3053 713 3133 „Pueri.“
745 3054 808 3113 Cur
822 3053 905 3113 mitis
922 3057 1029 3132 aperto

213 3133 355 3217 Respicis
373 3153 429 3196 ore
442 3135 566 3197 lovem?
593 3137 660 3217 „lle
677 3136 856 3217 Ganymede
870 3135 1018 3216 loquor.“

567 3255 644 3319 LVI.

172 3352 228 3411 Cui
244 3309 363 3431 tradas,
385 3353 487 3434 Lupe,
506 3353 604 3414 filium
619 3356 781 3434 magistro,

172 3437 301 3511 Quaeris
316 3436 468 3499 sollicitus
484 3436 536 3498 diu
552 3456 712 3517 rogasque.
