2370 3840
101 159 143 223 92
428 162 472 223 M.
489 162 581 225 VAL.
597 162 824 225 MARTIALIS

184 314 318 374 Deciens
334 314 465 375 Sabinus
480 314 672 395 alterumque
688 315 858 390 Serranus3

85 473 88 479 Ι
183 399 231 459 Ex
244 398 353 459 insulis
367 400 532 477 fundisque
545 401 673 459 triciens
687 399 823 477 eoldum,

163 483 232 542 alix
245 501 360 563 pecore
375 483 509 544 redeunt
522 489 573 544 ter
590 483 708 544 ducena
722 484 881 544 Parmensi
890 485 921 544 :“

186 566 275 627 Totis
291 567 415 644 diebus,
438 567 532 644 dier,
552 568 612 627 hoc
627 568 703 627 mihi
717 587 824 628 narras

131 669 134 674 ·
185 649 227 711 Et
240 657 335 711 teneo
350 650 461 711 melius
474 653 549 730 ista,
573 670 663 731 quarn
681 669 782 710 meum
797 670 918 712 nomen.

184 733 334 795 Numeres
349 742 474 817 oportet
491 733 627 815 aliquid,
650 741 684 794 ut
697 737 762 815 pati
772 737 903 820 possim:

186 818 378 880 cotidianam
393 820 488 880 reiice
504 837 646 879 nauseam
662 821 801 879 nummis.

139 902 302 965 'rodudire
317 905 430 982 gratis,
452 903 546 981 Afer,
568 903 629 963 ista
643 922 704 962 non
719 921 853 983 possum.

538 1067 703 1129 XXXVIII.

185 1175 290 1255 Galla,
311 1195 403 1255 nega:
423 1179 550 1238 satiatur
564 1198 664 1256 amor,
686 1179 746 1238 nisi
760 1172 870 1258 gaudIa
884 1184 1052 1258 torquent:

227 1260 291 1321 Sed
306 1259 372 1321 noli
386 1260 527 1340 nimium,
548 1260 655 1341 Galla,
677 1279 792 1341 negare
809 1262 870 1324 diu.

552 1429 688 1489 XXXIX.

187 1541 318 1618 Argenti
333 1558 430 1618 genus
444 1560 535 1602 omne
552 1541 752 1622 comparasti,

186 1624 227 1683 Et
241 1621 323 1682 solus
338 1630 461 1683 veteres
475 1624 625 1704 Myronos
640 1630 739 1702 artes,

186 1705 278 1767 Solus
291 1705 466 1766 Praxitelus
479 1726 600 1767 manum
614 1707 810 1788 Scopaeque,

186 1789 279 1851 Solus
296 1788 435 1850 Phidiaci
449 1797 588 1850 toreuma
603 1791 698 1868 caeli,

163 1872 278 1936 asaias
291 1874 475 1934 Mentoreos
488 1874 584 1934 habes
597 1873 730 1937 labores.

185 1956 251 2019 Nec
267 1957 379 2018 desunt
391 1959 449 2018 tibi
462 1976 536 2020 vera
549 1958 711 2035 Gratiana,

184 2041 250 2104 Nec
265 2061 342 2122 qnae
358 2040 492 2104 Callaico
506 2041 645 2103 linuntur
660 2061 752 2119 auro,

186 2125 252 2188 Nec
266 2127 381 2187 mensis
397 2127 558 2208 anaglypta
573 2126 613 2187 de
627 2128 775 2207 paternis.

184 2211 356 2290 Argentum
372 2215 476 2271 tamen
489 2212 573 2271 inter
588 2228 677 2270 omne
692 2211 804 2283 miror,

144 2294 287 2371 lOQuare
301 2313 364 2354 non
377 2295 508 2371 habeas,
531 2295 683 2369 Charine,
703 2312 824 2374 purum.

586 2454 650 2515 XL.

185 2563 273 2623 Atria
287 2564 433 2623 Pisonum
447 2564 570 2622 stabant
584 2584 652 2624 cum
669 2569 829 2625 stemmate
843 2569 911 2624 toto

226 2647 269 2707 nt
283 2646 367 2705 docti
382 2646 519 2706 Senecae
535 2653 585 2707 ter
602 2647 789 2708 numeranda
804 2648 929 2721 domasa

184 2728 391 2790 Praetulimus
406 2732 500 2790 tantis
515 2730 612 2792 solnm
626 2739 677 2810 te,
698 2732 862 2809 Postume,
883 2732 1004 2813 regnis:

227 2815 350 2895 Pauper
365 2834 434 2874 eras
449 2820 483 2874 et
499 2834 612 2894 eques,
635 2815 692 2876 sed
706 2817 781 2876 mihi
800 2814 908 2876 consul
923 2834 1003 2876 eras.

165 2897 306 2960 5'1'ecnm
320 2903 371 2958 ter
386 2898 481 2959 denas
495 2902 670 2976 numeravi,
689 2900 853 2978 Postume,
874 2902 1014 2960 brumas:

227 2983 403 3044 Communis
417 2984 506 3043 nobis
521 2982 621 3044 lectus
633 2993 666 3045 et
679 3004 757 3044 unus
772 2988 848 3046 erat.

184 3066 247 3127 lam
263 3067 379 3127 donare
394 3073 502 3147 potes,
523 3068 583 3126 iam
597 3067 732 3148 perdere
748 3066 858 3148 plenus
873 3068 1041 3140 honorum,

227 3149 344 3230 largus
359 3169 466 3232 opum:
490 3158 636 3230 expecto,
658 3152 821 3229 Postume,
845 3149 920 3229 quid
937 3151 1039 3210 facias.

184 3233 341 3312 Niliacis,
364 3240 398 3294 et
410 3252 512 3293 serum
529 3240 577 3294 est
591 3232 684 3294 alium
698 3236 774 3294 milri
789 3252 940 3314 quaerere
956 3251 1072 3311 regem.

141 3328 176 3382 10
223 3320 308 3398 Hoc,
329 3319 484 3395 Fortuna,
505 3315 632 3398 placet?
661 3318 823 3378 Postumus
837 3317 992 3399 imposuit.
