2370 3840
133 146 178 235 eo‘
450 171 508 250 Μ.
526 169 861 234 annumerans

221 324 270 387 Te
282 323 527 386 Lacedaemonio
543 323 625 384 velat
639 330 710 402 toga
724 321 791 383 lota
806 323 937 386 Galaeso

261 407 323 472 Vel
340 427 431 489 qnam
446 409 582 488 seposito
598 406 638 467 de
653 426 749 487 grege
763 408 873 468 Parma
888 407 993 487 dedit,

94 508 96 513 ·
197 494 263 556 5At
277 511 326 552 me
342 512 420 572 qnae
434 511 523 572 passa
537 497 586 552 est
598 491 696 552 furias
711 500 744 552 et
759 512 873 552 cornua
887 495 984 572 tauri,

260 573 406 637 Noluerit
420 576 482 636 dici
498 596 588 656 quam
600 574 666 655 pila
679 578 779 656 prima
793 595 885 637 suam.

219 660 309 722 Misit
323 662 503 739 Agenoreas
518 659 627 720 Cadmi
641 660 700 720 tibi
714 666 800 720 terra
814 658 973 720 lacernas:

261 742 331 804 Non
345 743 461 805 vendes
477 745 607 804 nummis
623 745 748 804 coccina
762 749 869 804 nortra
882 745 993 809 trihus.

220 828 270 889 Tu
284 828 418 908 Libycos
431 826 515 888 Indis
531 826 694 907 suspendis
710 827 854 888 dentibus
870 829 978 888 orbesr

177 923 212 974 lo
259 911 403 973 Fulcitur
417 917 498 972 testa
512 912 617 990 fagina
629 930 735 971 mensa
750 912 836 972 mihi.

218 995 378 1057 Immodici
391 997 451 1056 tibi
464 996 543 1056 flava
556 1001 666 1074 tegunt
681 994 890 1074 chrysendeta
903 993 1006 1055 mulli:

262 1077 420 1141 Concolor
433 1080 467 1138 in
481 1086 606 1158 nostra,
628 1098 796 1158 cammare,
817 1078 907 1140 lance
922 1081 1025 1143 rubes.

220 1150 321 1226 Grex
319 1171 391 1225 tuus
405 1162 498 1224 Iliaco
513 1169 639 1243 poteret
654 1169 776 1223 certare
793 1162 938 1242 cinaedo,

262 1250 305 1308 At
319 1249 395 1308 mihi
410 1248 564 1308 succurrit
577 1266 635 1328 pro
652 1246 832 1326 Ganymede
847 1266 962 1310 manus.

178 1333 264 1394 15le
279 1333 389 1412 opibus
403 1332 498 1392 tantis
512 1332 613 1393 veteri
627 1330 753 1412 fidoque
768 1331 866 1393 sodali

60 1421 63 1427 ’
260 1416 321 1476 har
336 1415 415 1477 nihil
429 1423 463 1476 et
477 1414 570 1496 dicis,
594 1416 750 1496 Candide,
771 1407 868 1479 κοινὰ
884 1415 1015 1494 piboni

607 1551 715 1614 XLIV.

217 1660 292 1737 Emi
302 1678 358 1721 seu
372 1680 503 1741 puerum
517 1669 656 1741 togamve
672 1680 781 1742 pexam

218 1743 283 1803 Seu
297 1746 372 1823 tris,
393 1750 530 1825 utputa,
553 1751 735 1825 quattuorve
749 1745 862 1824 librar,

220 1826 331 1889 Sextus
346 1830 488 1908 protinus
503 1827 559 1889 ille
573 1829 751 1907 fenerator,
872 1858 874 1862 v

220 1911 320 1987 Quem
334 1914 432 1973 nostis
447 1918 587 1974 veterem
601 1932 702 1973 meum
718 1913 871 1993 sodalem,

197 1995 266 2058 5Ne
283 1994 358 2076 quid
372 1996 456 2058 iorte
470 2003 574 2079 petam
589 1998 679 2057 timet
694 2006 859 2079 cavetque,

217 2080 260 2141 ut
273 2099 392 2159 secum,
415 2081 472 2142 sed
487 2088 521 2142 ut
536 2081 674 2160 audiam,
693 2089 850 2144 susurrat:

218 2164 369 2246 „Septem
384 2165 467 2226 milia
483 2166 583 2227 debeo
600 2165 760 2245 Secundo,

217 2250 345 2310 Phoebo
362 2256 524 2330 quattuor,
545 2249 689 2311 undecim
702 2251 844 2329 Phileto,

217 2333 260 2393 Et
276 2332 429 2412 quadrans
443 2336 519 2394 mihi
533 2333 636 2393 nullus
652 2335 748 2393 estin
763 2333 867 2395 arca.“

175 2415 244 2478 100
260 2415 377 2494 grande
390 2418 548 2496 ingenium
561 2418 623 2476 mei
639 2414 769 2476 sodalis!

218 2498 335 2558 Durum
350 2507 415 2578 est,
437 2500 549 2578 Sexte,
570 2517 701 2577 negare,
725 2519 792 2560 cum
807 2501 943 2580 rogaris,

218 2583 338 2658 Quanto
355 2582 477 2662 durius,
500 2590 662 2661 antequam
675 2585 811 2662 rogeris!

605 2716 698 2781 XLV.

218 2832 302 2907 Quae
318 2830 376 2891 tibi
390 2849 453 2889 non
468 2829 569 2889 stabat
582 2831 722 2909 praecisa
737 2834 785 2889 est
800 2829 954 2910 mentula,
978 2829 1105 2913 Glypte.

258 2915 410 2992 Demens,
431 2933 499 2974 cnm
513 2913 600 2973 ferro
617 2913 692 2993 quid
706 2915 786 2975 tibi?
814 2914 922 2977 Gallus
938 2935 1017 2978 eras.

604 3048 710 3112 XLVI.

214 3158 344 3221 Florida
358 3177 416 3238 per
430 3160 529 3219 varios
544 3166 578 3220 ut
592 3162 729 3240 pingitur
743 3159 847 3240 Hybla
863 3159 1003 3240 colores,

259 3245 336 3305 Cum
352 3245 446 3303 breve
462 3243 602 3304 Sicaniae
616 3263 670 3304 ver
684 3243 872 3325 populantur
887 3264 979 3330 apes,

216 3328 269 3391 Sic
282 3334 335 3389 tua
349 3329 517 3408 suppositis
533 3327 690 3388 collucent
704 3327 812 3408 praela
824 3321 978 3408 lacernis,

259 3413 310 3474 Sic
325 3413 440 3474 micat
430 3415 600 3474 innumeris
616 3411 721 3474 arcula
735 3414 949 3493 synthesibus,
