2370 3840
106 191 169 258 240
429 195 473 255 M.
489 193 580 257 VAL.
598 192 824 254 MARTIALIS

231 345 375 424 Haedus,
396 347 554 405 inhumani
567 351 673 425 raptus
689 347 726 406 ab
742 363 797 405 ore
812 344 898 426 lupi,

148 432 229 494 ruht
245 449 323 509 quae
337 449 399 489 non
415 435 527 508 egeant
540 431 627 489 ferro
642 431 806 489 structoris
821 428 952 509 ofellae,

233 515 276 574 Et
289 515 359 573 faba
375 514 534 574 fabrorum
547 514 777 593 prototomique
792 512 895 573 rudes.

188 595 297 658 Pullus
312 595 442 657 adhaec
458 598 605 676 cenisque
618 598 718 657 tribus
732 599 792 656 iam
806 615 903 676 perna
918 605 1080 678 superstes

231 680 389 756 Addetur3
411 683 523 741 saturis
539 682 625 740 mitia
638 701 728 760 poma
743 679 837 758 daho,

188 767 235 825 De
248 769 439 828 Nomentum
452 767 555 824 vinum
568 765 635 823 sine
650 765 737 824 faece
754 763 880 842 lagona,

145 859 181 912 ΞΟ
228 847 313 925 Quae
328 849 375 909 bis
387 847 540 908 Frontino
558 845 684 908 consule
697 849 796 928 prima
809 847 878 909 fuit.

190 931 353 992 Accedunt
366 934 433 991 sine
448 929 524 991 felle
541 932 603 991 ioci
617 950 676 990 nec
691 950 779 991 manc
794 929 932 991 timenda
971 978 976 984 .

231 1016 374 1076 Libertas
390 1021 422 1074 et
436 1014 481 1073 nil
495 1013 577 1100 quoti
591 1018 724 1075 tacuisse
742 1014 828 1076 velis.

189 1100 236 1159 Dc
251 1101 377 1179 prasino
393 1098 518 1157 conviva
531 1117 617 1158 meus
630 1097 805 1178 venetoque
818 1097 980 1177 loquatur,

229 1183 296 1244 Nec
310 1183 429 1242 faciunt
444 1193 626 1260 quemquam
642 1181 751 1262 pocula
767 1188 874 1243 nostra
887 1199 984 1241 reum.

572 1315 679 1377 XLIX.

190 1429 267 1490 Cum
281 1432 372 1506 potes
387 1429 609 1507 amethystinos
622 1428 754 1488 trientes

187 1513 230 1570 Et
242 1511 332 1588 nigro
348 1510 470 1571 madeas
485 1512 645 1591 Opimiano
653 1554 673 1587 ,.

188 1595 340 1672 Propinas
353 1592 444 1652 modo
462 1594 619 1654 conditum
634 1595 779 1655 Sabinum

183 1678 230 1739 'ht
244 1675 321 1734 dicis
337 1677 428 1753 mihi,
451 1677 543 1738 Cotta
556 1678 634 1755 „vis
647 1679 681 1736 in
696 1697 769 1738 auro
778 1678 816 1737 ’.Μ

167 1757 357 1838 tQuisquam
374 1757 519 1838 plumbea
531 1762 601 1819 vina
614 1759 680 1820 volt
693 1762 726 1819 in
740 1762 842 1821 auro‘l

606 1895 640 1954 L.

187 2008 323 2086 Frangat
335 2005 492 2068 Idumaeas
506 2008 605 2068 tristis
619 2008 759 2070 Victoria
771 2006 905 2089 palmas,

231 2091 364 2170 Plange‚
385 2091 502 2169 Fauor,
524 2110 613 2152 saeva
626 2098 755 2172 pectora
768 2090 850 2152 nuda
867 2110 966 2150 manu.

188 2176 292 2236 Mutet
306 2176 415 2235 Honor
431 2173 531 2234 cultus
546 2181 580 2235 et
593 2177 707 2255 iniquis
722 2194 850 2236 munera
864 2174 993 2235 flammis

229 2260 324 2319 Mitte
341 2265 519 2336 coronatas,
541 2258 649 2319 Gloria
663 2266 793 2336 maesta,
817 2278 928 2320 comas.

164 2342 258 2402 5Heu
271 2342 405 2403 facinus!
426 2343 526 2421 prima
538 2341 715 2420 fraudatus,
737 2343 872 2423 Sempe,
890 2344 1014 2404 iuventa

230 2424 354 2486 Occidis
369 2432 401 2485 et
415 2426 520 2504 nigros
536 2431 598 2485 tam
613 2428 675 2486 cito
690 2428 791 2505 iungis
808 2446 912 2504 equos.

145 2553 148 2558 <
188 2510 338 2571 Curribus
351 2508 406 2569 illa
419 2511 481 2570 tuis
496 2528 619 2589 semper
632 2520 798 2590 properata
812 2512 979 2591 brevisque

230 2594 294 2655 Cur
307 2594 367 2653 fuit
382 2599 416 2653 et
428 2594 509 2653 vitae
523 2599 585 2667 tam
599 2612 698 2674 prope
712 2600 794 2654 meta
807 2595 901 2656 tuac?

560 2736 562 2740 ’
597 2721 664 2786 qu

191 2837 302 2899 Sidera
316 2841 376 2899 iam
393 2841 507 2921 Tyrius
521 2843 649 2913 Phrixei
662 2843 792 2922 respicit
806 2842 874 2920 agni

232 2923 352 2983 Taurus
368 2931 401 2984 et
416 2925 567 2986 alternum
582 2927 712 2988 Castora
727 2927 807 3004 fugit
820 2927 937 2999 hiema;

186 3005 282 3066 Ridet
297 3025 385 3085 ager,
407 3011 538 3070 vestitur
555 3011 681 3088 humus,
701 3011 832 3070 vestitur
847 3015 880 3068 et
895 3010 1004 3086 arhor,

229 3090 387 3150 Ismarium
399 3090 506 3171 pellex
520 3095 623 3154 Attica
635 3093 739 3175 plorat
751 3095 829 3173 ltyn.

162 3175 286 3252 tQuos,
306 3173 470 3254 Faustina,
492 3175 574 3255 dies,
597 3177 704 3256 quales
718 3179 776 3238 tihi
788 3179 884 3238 Roma
896 3175 1061 3238 Ravennae

228 3257 381 3319 Abstulit!
403 3278 420 3317 o
437 3258 538 3338 soles,
561 3264 729 3322 otunicata
745 3261 849 3342 quies!

187 3341 214 3401 0
228 3361 352 3422 nemus,
373 3363 390 3402 o
405 3344 509 3404 fontes
524 3342 716 3424 solidumque
731 3346 882 3407 madentis
896 3346 1033 3407 harenae

227 3425 315 3487 Litus
331 3434 364 3488 et
377 3429 540 3509 aequoreis
558 3428 737 3509 splendidus
752 3432 858 3491 Anxur
869 3431 973 3510 aquis,
