2370 3840
280 181 619 244 EPIGRAMMATON
629 183 704 246 LIB.
717 183 797 249 XIV.
994 183 1058 249 ³43
1130 188 1134 195 ⁴

333 382 466 446 CCXIV.
489 382 587 444 Pueri
599 385 744 446 comoedi.

101 483 169 545 Non
185 484 245 544 crit
260 484 292 542 in
306 485 398 543 turba
413 483 572 562 quisquam
587 479 807 562 Μισούμενος
820 486 897 546 ista:

142 566 206 629 Sed
220 569 339 648 poterit
356 568 454 647 quivis
469 585 538 627 esse
553 563 615 639 ’Δὶς
632 562 810 640 ἐξαπατῶν.
918 588 921 593 ·

403 680 522 742 CCXV·
545 679 668 741 titula.

98 777 156 839 mc
170 777 246 838 mihi
262 775 462 859 sImplicitcr,
485 778 641 838 comoedis
657 784 689 837 et
707 776 895 840 citharoedis

85 887 89 895 ·
139 860 267 940 Fibula,
290 861 365 941 quid
378 862 540 942 praestas?
569 861 700 939 „Carine
712 868 746 921 ut
761 862 916 924 iutunnt.“

375 972 508 1036 CCXVI.
531 974 702 1054 Accipiter.

100 1070 221 1134 Praedo
239 1073 299 1138 iuIt
312 1071 485 1150 volucrum,
504 1071 637 1133 famulus
651 1093 733 1134 nunc
749 1074 890 1154 aucupis:
912 1072 996 1135 idem

141 1158 266 1238 Decipit
281 1163 313 1217 et
328 1163 431 1237 captas
445 1176 507 1217 nnn
521 1159 581 1218 sihi
596 1164 715 1219 maeret
729 1177 808 1218 aves.

358 1267 504 1330 CCXVII.
530 1269 717 1348 opsonator.

97 1365 153 1426 Dic
171 1371 281 1444 quotus
297 1373 331 1425 et
345 1366 452 1443 quanti
467 1367 570 1444 cupias
585 1383 715 1442 cenare,
736 1383 794 1425 nec
809 1385 901 1426 unum

139 1447 307 1510 Addideris
321 1451 464 1508 verbum:
485 1466 560 1508 cena
574 1454 681 1527 parata
692 1449 750 1508 tibi
765 1455 822 1511 est.

272 1558 432 1621 CCXVIII.
459 1559 583 1620 Calami
595 1561 802 1640 aucupatorii.

96 1659 166 1721 Non
179 1664 298 1719 tantum
314 1655 456 1736 calamis,
479 1656 536 1717 sed
552 1663 644 1717 cantu
659 1657 781 1721 iallitnr
796 1656 877 1740 ales,

138 1742 258 1804 Callida
276 1741 347 1802 dum
363 1742 456 1801 tacita
474 1742 588 1801 crescit
600 1740 739 1802 harundo
756 1763 854 1805 manu.

214 1873 217 1878 ·
341 1853 475 1916 CCXIX.
501 1852 562 1914 Ccr
575 1854 731 1916 bubulum.

94 1967 217 2046 Pauper
231 1965 402 2028 causidicus
419 1965 519 2025 nullos
536 1966 708 2025 referentia
722 1986 861 2028 nummos

138 2051 285 2116 Carmina
295 2070 362 2110 cum
380 2051 514 2128 scribas,
538 2051 643 2128 achpe
659 2069 729 2127 cor,
752 2048 834 2128 quod
848 2053 953 2116 habes.

406 2161 526 2242 CCXX·¹
551 2160 660 2224 Cocus.

94 2258 163 2319 Non
178 2229 252 2320 satis
268 2265 317 2320 est
332 2279 381 2320 ars
393 2257 459 2319 sola
474 2278 564 2319 coco:
589 2259 708 2319 servire
722 2257 858 2339 palatum

76 2356 78 2361 '
135 2341 230 2404 Nolo:
252 2362 344 2404 cocus
359 2341 474 2403 domini
490 2342 586 2402 debet
601 2344 718 2403 habere
733 2341 844 2421 gulam.

251 2455 383 2518 CCXXI.
408 2454 567 2519 Crata'culc
584 2478 654 2518 cum
669 2459 811 2522 cerutus.

93 2553 173 2614 Itara
189 2556 246 2615 tibi
262 2575 354 2616 curva
368 2555 515 2617 craticula
527 2556 620 2617 sudet
636 2557 747 2633 ciella;

136 2637 285 2718 Spumeus
300 2641 333 2699 In
346 2637 440 2719 longa
457 2639 585 2721 cuspide
599 2642 698 2702 tumet
713 2660 796 2722 aper.

299 2749 445 2813 CCXXII.
467 2751 572 2813 Pistor
586 2754 767 2816 dulciarius.

92 2843 184 2906 Mille
199 2847 257 2907 tibi
272 2844 380 2908 dulces
395 2868 524 2929 operum
538 2871 644 2912 manus
658 2854 718 2913 ista
731 2854 845 2931 figuras

135 2931 282 2991 Entruet:
303 2932 376 2992 huic
391 2933 446 2992 uni
459 2952 553 3012 parca
565 2932 689 2994 laborat
704 2938 777 3017 apis.

367 3044 526 3105 CCXXIII
551 3045 698 3126 Adipata.

93 3135 233 3218 Surgite:
255 3141 315 3200 iam
326 3140 434 3202 vendit
447 3142 553 3222 pueris
567 3143 721 3203 iantacula
734 3147 834 3225 pistor

135 3221 351 3306 Cristataeque
366 3231 477 3286 cenant
490 3224 626 3305 undique
641 3224 722 3289 lucis
736 3247 815 3292 aves.
