2370 3840
287 218 629 281 urionemmuon
640 220 716 284 LlB.
730 221 796 284 vll.
1004 218 1066 284 lot

512 422 575 487 ult

108 533 237 594 (iratum
251 542 314 613 est,
330 534 413 615 qnod
427 533 535 597 celeri
547 543 673 597 nostros
686 534 782 615 legis,
794 537 915 615 Aucto,
928 533 1065 617 libellos,

151 617 185 678 Si
199 626 300 678 tamen
315 630 348 679 ct
363 618 507 681 Celerem
526 619 608 699 quod
623 618 721 699 legis,
740 621 858 699 docte,
879 621 974 687 iurat.

106 699 164 762 Ille
181 720 264 762 meaa
279 711 389 780 gentca
403 709 436 762 et
451 701 558 764 celtas
573 705 654 764 rexit
668 704 820 781 ilibsros,

149 785 214 845 Nec
227 785 289 845 fuit
302 787 335 845 in
349 792 455 846 nostro
470 788 587 847 certior
603 788 679 847 orbe
692 786 781 849 tides.

86 869 214 929 5Maior
226 887 276 929 me
290 876 378 932 tanto
393 871 571 930 reverentia
584 872 704 949 turbat,
725 878 759 932 ct
773 888 864 933 aures

147 951 217 1013 Non
231 951 397 1030 auditoris,
416 951 528 1014 iudicis
540 972 610 1015 case
623 961 708 1036 puto.

505 1088 582 1150 LlIl.

107 1199 216 1260 Omnia
229 1201 339 1261 misisti
356 1201 432 1260 mihi
446 1200 676 1280 Saturnalibus,
691 1202 827 1280 Umber,

147 1284 295 1360 Munera,
318 1283 514 1345 contulerant
527 1303 606 1364 quae
621 1287 678 1345 tibi
693 1286 828 1363 quinque
843 1282 927 1362 diss,

104 1368 158 1427 Bis
172 1385 264 1427 senos
276 1367 418 1446 triplices
433 1374 467 1427 et
481 1368 683 1448 dentiscalpia
697 1373 833 1449 septem:

146 1450 204 1510 llis
218 1468 321 1516 comes
336 1453 467 1511 accessit
481 1452 624 1531 spongia,
646 1471 772 1534 mappa,
793 1449 889 1529 callx,

83 1533 330 1614 5Semodiusque
345 1533 434 1594 fabae
450 1555 518 1595 cum
530 1536 642 1595 vimine
656 1536 856 1613 Picenarum,

146 1620 189 1679 Et
203 1617 369 1679 Laletanae
387 1619 475 1697 nigra
487 1617 597 1698 lagona
611 1637 720 1701 sapac3

104 1703 262 1782 Parvaque
276 1722 345 1763 cum
360 1703 443 1762 canis
457 1710 611 1764 venerunt
625 1709 747 1764 cottana
758 1704 867 1784 prunis

145 1787 187 1846 Et
200 1787 336 1867 Libycae
350 1787 402 1847 ilci
416 1785 557 1867 pondere
572 1793 654 1847 testa
668 1788 777 1866 gravis.

105 1870 165 1933 Vix
178 1877 253 1948 puto
267 1872 395 1950 triginta
409 1889 599 1931 nummorum
615 1877 680 1930 tota
694 1872 790 1932 inisse

62 1961 98 2014 10
144 1953 291 2031 Munera,
315 1972 392 2033 quae
407 1953 540 2033 grandes
555 1959 624 2014 octo
639 1953 741 2014 tulere
754 1953 834 2034 Syri.

106 2037 226 2114 Quanto
243 2036 431 2096 commodius
447 2035 535 2096 nullo
549 2037 623 2097 mihi
638 2037 724 2097 ferre
738 2036 844 2097 labore

146 2120 278 2198 Argenti
291 2119 393 2200 potuit
406 2118 546 2201 pondera
562 2120 696 2199 quinque
713 2120 805 2202 puer!

504 2267 582 2329 LIV.

106 2377 237 2459 Semper
250 2397 338 2439 mane
354 2378 429 2438 mihi
444 2379 483 2439 de
498 2398 547 2441 me
565 2386 617 2440 tuo
632 2380 749 2441 somnia
764 2398 886 2458 narras,

148 2462 232 2537 Quae
246 2469 388 2524 moveant
401 2464 535 2524 animum
549 2462 778 2545 sollicitentque
793 2482 902 2525 mcum.

103 2544 165 2606 lam
179 2547 266 2625 prior
281 2546 319 2607 ad
333 2548 469 2627 faecem,
491 2548 547 2609 sed
561 2554 594 2608 et
607 2549 684 2609 haec
699 2546 852 2609 vindemia
864 2546 965 2624 venit,

145 2630 261 2690 Exorat
273 2638 382 2691 noctes
397 2630 469 2692 dum
483 2632 559 2693 mihi
574 2651 645 2711 saga
659 2638 735 2694 tuas.

82 2713 288 2794 iconsnmpsi
303 2715 458 2795 salsasque
474 2714 569 2776 molas
584 2722 617 2776 et
630 2718 709 2777 turis
724 2732 866 2792 acervos,

147 2796 323 2858 Decrevere
337 2817 465 2879 greges,
489 2798 560 2860 dum
575 2798 657 2860 cadit
671 2818 747 2881 agna
761 2799 927 2878 frequens3

104 2880 174 2939 Non
187 2899 316 2960 porcus,
338 2902 400 2943 non
419 2885 536 2944 chortis
552 2900 639 2961 aves,
659 2902 722 2943 non
736 2904 791 2946 ovo
806 2886 981 2966 supersunt.

145 2964 209 3024 Aut
223 2963 316 3043 vigila
330 2971 381 3026 aut
398 2965 514 3045 dormi,
537 2966 719 3049 Naaldlene,
742 2969 808 3032 tibi.

506 3098 573 3163 Lv.

103 3206 189 3268 Nulli
204 3227 345 3288 munero,
367 3210 518 3291 Chreste,
541 3213 568 3273 si
581 3213 732 3296 remittis,

103 3290 169 3352 Nec
183 3295 272 3354 nobis
286 3293 412 3355 dederis
426 3295 662 3376 remiserisque:

104 3375 236 3438 credam
250 3383 283 3439 te
299 3381 371 3440 satis
387 3399 457 3440 esse
470 3378 642 3444 liberalem.

104 3459 168 3520 Sed
182 3462 209 3521 si
222 3461 329 3523 reddis
343 3465 453 3546 Apicio
467 3463 616 3547 Lupoque

786 3543 849 3607 il*
