2370 3840
214 159 216 163 ’
330 193 669 256 ιιιιιιιιιιιιιιιίὀιι
683 193 758 257 uio.
775 194 814 258 v.
889 277 891 282 ,
1034 193 1096 264 ιιι

524 395 618 458 XVII.

134 511 214 572 Dum
227 527 359 591 proavos
374 513 538 587 atavosque
552 509 655 568 refers
670 514 703 568 et
717 510 839 568 uomIna
852 529 977 590 magna,

178 595 257 656 Dum
272 593 330 652 tibi
346 598 454 652 noster
469 611 565 671 eques
582 591 708 653 sordida
723 592 859 653 conditio
875 601 939 672 est,

134 680 214 741 Dum
228 687 261 739 te
275 695 367 757 posse
385 694 479 755 negas
493 678 553 736 uisi
567 675 648 756 lato,
672 675 790 755 Gellia,
814 676 899 738 clavo

121 756 138 783 ⁸
176 763 318 838 Nubere,
340 761 488 841 nupsisti,
511 759 628 840 Gellia,
651 761 799 823 oistifero.

520 895 626 958 XVIII.

137 1014 227 1092 Quod
241 1017 300 1076 tibi
314 1015 480 1075 Decembri
494 1033 617 1092 mense,
639 1034 699 1094 quo
713 1013 819 1076 volant
833 1034 963 1096 mappae

138 1099 341 1179 Gracilesque
353 1098 468 1177 ligulae
484 1100 631 1178 cereique
647 1100 834 1178 chartaeque

133 1185 175 1245 Et
190 1191 277 1244 acuta
292 1184 417 1244 senibus
431 1188 512 1242 testa
527 1202 595 1242 cum
609 1183 822 1263 Damascenis,

133 1268 265 1329 Praeter
276 1266 403 1343 libellos
415 1265 559 1326 vernulas
574 1266 655 1327 nihil
669 1268 754 1345 misi,

111 1351 280 1414 5Fortasse
297 1371 403 1412 avarus
417 1349 523 1411 videar
538 1357 590 1410 aut
602 1352 793 1414 inhumanus.

134 1434 194 1496 Odi
209 1436 331 1498 dolosas
346 1454 508 1496 munerum
523 1442 556 1494 et
569 1435 663 1495 malas
678 1443 770 1496 artes.

133 1521 293 1581 Imitantur
308 1522 414 1580 hamos
430 1519 519 1584 dona.
549 1518 686 1597 Namque
703 1522 770 1599 quis
786 1521 902 1598 nescit,

133 1604 263 1665 Avidum
278 1612 385 1665 vorato
400 1603 504 1684 depri
518 1624 637 1664 scarum
653 1605 780 1665 musco?

136 1689 286 1764 Quotiens
302 1690 398 1749 amico
415 1688 503 1748 diviti
517 1688 596 1749 nihil
612 1687 722 1767 donat,

92 1772 157 1834 100
173 1774 356 1853 Quintinae,
376 1772 516 1833 liberalis
532 1780 581 1833 est
594 1793 721 1854 pauper.

525 1907 605 1969 XIX.

134 2018 167 2078 Si
184 2039 243 2097 qua
256 2019 334 2081 tides
347 2022 446 2101 veris,
467 2021 639 2102 praeferri,
661 2022 790 2081 maxime
805 2023 936 2100 Caesar,

176 2103 382 2185 Temporibus
398 2112 528 2186 possunt
542 2105 663 2165 saecula
677 2104 762 2164 nulla
776 2107 846 2166 tuis,

134 2187 261 2263 Quando
279 2192 374 2268 magis
389 2189 498 2268 dignos
516 2190 605 2250 licuit
620 2195 762 2269 spectare
780 2190 978 2269 triumphos?

176 2272 303 2348 Quando
316 2273 448 2334 Palatini
462 2272 532 2354 plus
547 2291 690 2333 meruere
706 2272 780 2333 dei?

111 2354 298 2417 5Pulchrior
313 2365 346 2418 et
361 2359 457 2418 maior
473 2377 532 2437 quo
548 2360 603 2418 sub
619 2357 697 2418 (luce
710 2357 826 2418 Martia
839 2357 958 2418 Roma?

174 2440 236 2501 Sub
253 2462 313 2521 quo
327 2442 456 2502 libertas
471 2444 612 2523 principe
628 2448 713 2502 tauta
727 2442 810 2503 fuit?

131 2525 189 2584 Est
203 2532 305 2585 tamen
320 2527 380 2587 hoc
394 2528 517 2606 vitium,
535 2526 591 2586 sed
604 2546 667 2586 non
677 2526 765 2606 leve,
788 2528 829 2587 sit
841 2525 917 2586 licet
932 2545 1046 2605 unum,

173 2608 263 2684 Quod
277 2611 351 2671 colit
365 2612 500 2690 ingratas
513 2630 630 2692 pauper
646 2612 804 2672 amicitias.

132 2692 206 2768 Quis
223 2692 355 2773 largitur
370 2714 445 2776 opes
459 2696 558 2755 veteri
572 2695 697 2775 fidoque
713 2694 827 2773 sodali,

89 2786 124 2838 10
172 2778 235 2838 Aut
250 2799 341 2859 quem
354 2781 553 2860 prosequitur
567 2799 630 2839 non
645 2779 762 2840 alienus
780 2780 898 2859 eques?

132 2861 353 2923 Saturnaliciae
367 2863 492 2942 ligulam
507 2865 627 2924 misisse
642 2863 776 2924 selibrae
972 2864 973 2867 ’

174 2946 393 3008 Flammarisve
408 2955 498 3026 togae
515 2947 648 3028 scripula
662 2955 728 3008 tota
745 2943 854 3007 decem

131 3030 266 3092 Luxuria
280 3038 345 3110 est,
367 3032 540 3111 tumidique
554 3039 665 3092 vocant
679 3034 755 3092 haec
770 3051 898 3092 munera
916 3049 1025 3110 reges:

176 3115 235 3191 Qui
250 3122 360 3196 crepet
375 3115 533 3194 aureolos,
555 3116 686 3176 forsitan
698 3137 776 3177 unua
787 3118 862 3177 erit.

89 3199 287 3275 loQuatenus
301 3202 334 3261 hi
353 3220 415 3260 non
431 3207 518 3279 suut,
540 3207 608 3260 esto
623 3207 672 3279 tu,
694 3203 824 3279 Caesar,
848 3201 982 3260 amicus:

173 3282 263 3344 Nulla
279 3284 364 3345 ducis
378 3287 475 3344 virtus
491 3284 610 3345 dulcior
625 3304 694 3346 esse
711 3292 825 3366 potest.

130 3367 191 3426 Iam
207 3367 321 3429 dudum
335 3370 429 3429 tacito
445 3368 548 3448 rides,
572 3370 772 3446 Germanice,
795 3388 886 3428 uaso:

173 3451 258 3513 Utile
273 3452 356 3533 quod
370 3454 475 3536 nobis,
499 3454 538 3516 do
553 3457 613 3517 tibi
627 3452 803 3517 consilium.
