2370 3840
276 213 616 275 EPIGRAMMATON
629 215 703 276 LIB.
718 214 800 279 XIV.
995 211 1058 276 329
1121 269 1125 273 .

392 415 529 478 LXXIV.
555 415 683 477 Oorcas.

102 515 203 574 Corae
218 513 385 593 salutator,
409 532 503 595 quare
518 512 611 574 fellat
598 521 648 574 tor
662 514 810 574 haberis?

142 599 176 658 In
192 605 282 680 caput
297 601 423 660 intravit
437 596 574 658 mentula
590 597 675 658 nulla
690 605 784 658 tuum.

382 733 504 795 LXXV.
528 731 686 794 Luscinia.

98 828 170 889 Flet
185 829 359 891 Philomela
372 832 459 892 nefas
474 832 586 891 incesti
603 832 739 907 Tereos,
761 836 793 891 et
809 849 887 910 quae

142 914 230 975 Muta
244 913 350 996 puella
364 916 439 994 fuit,
463 913 587 994 garrula
602 916 703 975 fertur
718 916 789 976 avis.

413 1049 549 1111 LXXVI.
572 1047 659 1110 Pica.

101 1144 174 1205 Pica
189 1146 300 1226 loquax
315 1156 401 1209 certa
417 1149 572 1210 dominum
585 1155 618 1208 te
632 1167 708 1208 voce
726 1147 834 1210 saluto.

142 1229 174 1289 Si
190 1250 239 1291 me
254 1252 316 1292 non
331 1234 452 1311 videas,
475 1252 545 1293 esse
559 1234 687 1310 negabis
704 1250 799 1296 avem

325 1367 474 1430 LXXVII.
501 1366 605 1427 anea
623 1357 743 1427 eborea.

102 1424 135 1520 Si
149 1463 208 1522 tibi
223 1462 295 1523 talis
311 1466 372 1525 crit
378 1465 531 1544 ,qualem
553 1464 669 1526 dilecta
682 1462 806 1524 Catullo

139 1544 252 1606 Lesbia
264 1546 423 1628 plorabat,
444 1550 496 1609 hic
511 1550 723 1609 habitaret
668 1567 708 1627 po
710 1554 782 1611 test.

334 1683 496 1746 LXXVIII.
519 1679 733 1744 Narthecium.

98 1777 186 1838 Artis
202 1781 280 1840 ebur
294 1780 432 1841 medIcae
446 1784 607 1843 narthecia
623 1783 741 1842 cernis:
763 1782 893 1842 habebis

81 1888 84 1893 ⁴
140 1862 288 1943 Munera,
312 1883 389 1944 quae
405 1873 535 1945 cuperet
548 1867 676 1927 Paccius
693 1884 762 1926 esse
778 1885 840 1928 sua.

385 1997 520 2058 LXXIX.
546 1999 679 2079 Flagra

98 2069 213 2153 Ludite
227 2092 348 2171 lasciui,
371 2094 428 2154 sed
441 2100 560 2154 tantum
576 2093 695 2173 ludite,
718 2097 808 2155 servi

139 2177 227 2237 Haec
241 2179 360 2256 signata
374 2179 448 2238 milri
467 2181 602 2257 qulnque
619 2139 728 2239 dlellus
745 2185 844 2239 erunt

357 2346 360 2351 ·
387 2313 507 2375 LXXX.
529 2313 676 2374 Ferulae.

97 2408 216 2470 Invisae
229 2410 355 2470 nimium
369 2413 476 2490 pueris
491 2416 659 2490 grataeque
676 2412 848 2491 magistris,

138 2492 230 2553 Clara
245 2493 433 2555 Prometheo
448 2513 577 2554 munere
592 2494 676 2575 lIgna
690 2515 801 2557 sumus.

404 2629 538 2691 LXXXI.
560 2629 652 2692 Pera.

94 2723 142 2784 Ne
157 2728 297 2788 mendico
311 2729 393 2789 ierat
407 2732 528 2790 barbati
542 2731 672 2810 prandia
684 2731 760 2790 nudi

136 2809 275 2870 Dormiat
290 2818 323 2872 et
336 2815 420 2873 tristi
434 2832 501 2872 cum
517 2831 611 2891 caue,
631 2832 708 2893 pera
722 2818 820 2892 rogat.

378 2946 527 3007 LXXXII
548 2946 679 3030 Samiae

93 3041 127 3101 In
140 3043 243 3121 pretio
258 3063 366 3124 scopas
380 3052 513 3106 testatur
527 3045 628 3127 palma
640 3049 747 3109 foisse.

137 3125 207 3187 Otia
222 3127 278 3188 sed
293 3131 395 3210 scopis
410 3150 492 3191 nunc
508 3130 646 3191 analecta
663 3131 759 3194 dedit.

328 3263 488 3324 LXXXIII.
510 3263 729 3348 Scalptorium.

92 3357 251 3421 Defendet
265 3381 371 3421 manus
385 3363 462 3423 haec
477 3362 617 3443 scapulas
632 3363 794 3425 mordente
809 3345 941 3422 molesto

133 3439 258 3524 Pullce,
278 3443 366 3506 rel
340 3465 367 3506 ss
384 3446 459 3525 quid
473 3446 578 3527 pulice
593 3447 757 3509 sordidius.
