2370 3840
138 196 202 261 316
464 194 508 256 Μ.
524 193 616 255 VAL.
631 191 857 253 MARTIALIS

511 394 650 454 LXXXI.
671 393 811 454 Rhombi.

91 562 94 567 .
225 509 366 584 Quamvis
382 508 445 571 lats
458 517 547 588 gerat
559 509 675 588 patella
689 510 867 585 rhombum,

222 592 380 655 Rhombus
395 592 489 656 latior
505 600 554 654 cst
568 600 672 653 tamen
685 591 808 671 patella.

514 711 662 772 LXXXII.
689 712 812 771 Ostrea.

222 811 318 872 Ebria
336 811 449 872 Baiano
464 811 555 872 modo
569 812 641 871 veni
656 812 773 871 concha
786 809 930 869 Lucrino.
1037 813 1045 825 “

265 895 377 956 Nobile
391 914 473 955 nunc
490 897 561 955 silla
578 893 735 955 luxuriosa
752 912 866 972 garum.

493 1025 655 1087 LXXXIII.
677 1025 829 1106 Squillae.

227 1122 399 1184 Caeruleus
413 1142 469 1183 nos
483 1121 566 1182 Liris
581 1129 677 1200 amat,
699 1141 790 1200 quem
805 1120 880 1183 silva
894 1120 1037 1182 Maricae

266 1206 424 1287 Protegit:
445 1207 518 1266 hinc
534 1203 665 1284 squillae
680 1207 808 1265 maxima
820 1207 911 1266 turba
925 1223 1042 1267 sumus.

504 1336 667 1402 LXXXIV.
690 1335 819 1398 Scarus.

224 1435 285 1494 Hic
301 1453 422 1511 scarus,
444 1436 608 1513 aequoreis
623 1435 676 1512 qui
690 1435 776 1492 venit
791 1432 901 1493 adesus
918 1434 954 1492 eb
970 1433 1087 1514 undis,

267 1518 448 1580 Visceribus
462 1519 561 1578 bonus
577 1524 643 1596 est,
667 1524 772 1577 cetera
785 1515 846 1577 vile
865 1517 955 1596 sapit.

483 1647 634 1710 LXXXV.
658 1646 838 1709 Coracinus.

226 1743 377 1823 Princeps
391 1740 503 1802 Niliaci
517 1745 655 1822 raperis,
679 1746 837 1823 concine,
860 1742 991 1806 macelli.

264 1825 414 1888 Pellaeae
428 1828 515 1907 prior
533 1833 581 1886 est
595 1824 695 1904 gloria
708 1825 794 1887 nulla
809 1827 908 1907 gulae.

509 1961 674 2025 cxxxvi.
696 1931 817 2025 nebim.

224 2061 287 2121 Iste
300 2059 378 2122 licet
392 2061 505 2140 digitos
520 2060 678 2123 testudine
692 2068 808 2142 pungat
823 2066 927 2138 acuta,

267 2145 394 2206 Cortice
412 2145 554 2226 deposita
567 2145 668 2205 mollis
684 2147 812 2206 echinus
827 2146 897 2218 erit.

492 2278 670 2341 LXXXVII.
694 2279 839 2343 Murices.

226 2378 380 2457 Sanguine
397 2378 436 2439 de
450 2384 558 2439 nostro
575 2379 705 2454 tinctas,
727 2379 864 2456 ingrate,
884 2373 1029 2437 lacernas

267 2462 386 2541 Induis,
409 2468 442 2522 et
454 2482 516 2522 non
532 2468 580 2523 est
594 2463 653 2526 huc
668 2462 757 2540 satis,
780 2479 850 2521 esca
864 2479 975 2521 sumus.

504 2594 696 2659 LXXXVIII,
722 2595 819 2658 Gobii.

223 2691 258 2751 In
273 2692 404 2755 Venetis
418 2696 480 2754 sint
495 2691 580 2753 lauta
593 2691 669 2753 licet
683 2695 820 2754 convivia
834 2693 944 2770 terris,

266 2774 457 2858 Principium
474 2795 569 2838 cenae
584 2778 692 2855 gobius
708 2795 777 2837 esse
792 2775 882 2837 solet.

506 2905 669 2967 LXXXIX.
694 2903 814 2985 Lupus.

224 3002 361 3060 Daunius
376 3001 514 3079 Euganei
528 3003 618 3084 lupus
634 3005 749 3083 excipit
765 3022 819 3063 ora
833 3002 969 3081 Timavi,
983 3008 988 3020 ¹

266 3086 433 3162 Aequoreo
449 3084 558 3146 dulces
574 3108 642 3148 cum
656 3086 721 3148 sale
734 3092 840 3167 pastus
855 3104 957 3165 aquas.

550 3217 614 3278 XO.
639 3220 776 3280 Aurata.

221 3327 290 3388 Non
305 3329 404 3390 omnis
419 3327 529 3388 laudes
544 3332 740 3410 pretiumque
756 3337 860 3391 aurata
875 3335 1033 3409 meretur,

266 3411 330 3472 Sed
346 3415 395 3473 cui
409 3410 495 3473 solus
511 3413 574 3472 erit
588 3415 704 3474 concha
721 3415 856 3476 Lucrina
870 3415 966 3475 cibus.

102 3486 174 3608 ὶ
