2370 3840
433 187 478 247 M.
495 186 587 249 VAL.
603 183 829 246 MAR'I’IALIS

577 386 670 447 XVll.

188 498 325 558 Latonae
339 496 515 558 venerande
529 516 642 576 nepos,
664 498 717 576 qui
731 497 855 556 mitibus
871 497 979 557 herbis

231 581 396 640 Parcarum
411 599 518 640 exoras
533 599 629 660 pensa
644 581 818 659 brevesque
833 579 936 658 colos,

189 665 257 724 llos
272 666 331 724 tibi
347 663 487 724 laudatos
502 665 642 741 domiuo,
665 669 733 723 rata
745 668 830 740 vota,
853 663 982 744 capillos

230 745 287 808 llle
301 754 371 807 tuus
385 746 474 806 Latia
489 749 572 806 misit
590 750 626 806 ab
641 748 718 807 urbe
734 765 829 827 puer3

165 831 320 892 saddidit
335 838 366 889 et
380 830 511 889 nitidum
525 831 652 890 sacratis
668 832 803 890 crinibus
819 832 942 907 orbem,

233 916 299 991 Quo
315 913 392 973 felix
405 913 502 973 facies
516 912 619 972 iudice
633 918 701 973 tuta
717 913 787 973 fuit.

190 998 241 1058 'lu
254 996 394 1058 iuvenale
410 995 505 1056 decus
524 1016 629 1073 serva,
649 1014 690 1055 ne
703 995 866 1075 pulchrior
880 996 934 1057 ille

230 1082 265 1140 ln
277 1079 370 1158 longa
384 1080 482 1141 fuerit
500 1100 589 1159 quam
602 1081 746 1140 breviore
764 1100 859 1144 coms.

571 1243 678 1305 XVIII.

89 1422 96 1451 x
186 1353 245 1414 Est
259 1355 334 1415 mibi
348 1355 450 1434 sitque
465 1374 578 1435 precor
593 1331 719 1434 longum
734 1360 766 1413 te
782 1352 942 1433 praeside,
960 1352 1103 1431 (laesor,

231 1437 294 1499 Rus
310 1440 483 1518 minimum,
503 1441 591 1520 parvi
605 1444 677 1521 sunt
691 1443 725 1497 et
739 1439 771 1497 in
785 1439 863 1498 urbe
877 1436 968 1498 lares.

189 1520 252 1580 Sed
267 1521 306 1581 de
322 1520 403 1582 valle
416 1524 520 1601 brevi,
544 1543 617 1602 quas
634 1521 687 1582 det
702 1522 878 1582 sitientibus
891 1520 1010 1598 lrortis,

234 1604 330 1664 Curta
342 1602 497 1665 laboratas
513 1605 607 1665 antlia
620 1605 706 1665 tollit
721 1625 829 1684 aquas:

167 1685 281 1746 bSicoa
297 1685 403 1747 domus
418 1690 560 1768 queritur
574 1687 661 1749 nullo
677 1707 711 1748 se
725 1707 798 1748 rore
812 1688 930 1763 foveri,

233 1770 309 1829 Cum
323 1772 399 1830 mihi
413 1773 514 1831 vicino
528 1772 647 1832 Marcia
659 1771 747 1832 fonte
761 1777 861 1834 sonet.

188 1852 285 1928 Quam
300 1851 425 1914 dederis
441 1855 573 1931 nostris,
594 1855 748 1935 Auguste,
769 1857 933 1936 penatibus
948 1851 1080 1935 undam,

232 1936 362 1998 Castalis
376 1939 454 1998 baec
469 1940 557 1999 uobis
573 1945 624 1998 aut
637 1939 715 2000 lovis
731 1940 831 2000 imber
845 1941 915 1999 erit.

589 2115 668 2175 xix.

187 2222 307 2285 Laudas
322 2224 433 2286 balnea
446 2228 586 2287 uersibus
601 2228 752 2288 trecentis

189 2308 336 2369 Cenantis
351 2312 432 2369 bene
446 2310 584 2389 Pontici,
607 2309 741 2370 Sabelle.

187 2390 243 2451 Vis
259 2410 387 2471 cenare,
409 2393 551 2472 Sabelle,
573 2413 633 2453 nen
648 2392 753 2454 lavari.

589 2554 656 2614 XX.

185 2658 289 2736 Haec,
305 2678 382 2736 quae
398 2668 462 2721 tota
476 2668 562 2741 patet
576 2665 753 2743 tegiturque
770 2669 803 2724 et
816 2681 969 2723 marmore
983 2669 1017 2723 et
1031 2684 1130 2744 suro,

229 2742 358 2803 Infantis
373 2743 489 2806 domini
505 2747 627 2806 conscia
641 2753 727 2807 terra
740 2748 808 2808 fuit.

184 2823 276 2885 Felix
292 2845 309 2885 o
326 2830 446 2904 quantis
461 2832 563 2890 sonuit
576 2831 727 2908 vagitibus
744 2838 776 2890 et
792 2850 867 2909 quas

228 2908 317 2970 Vidit
331 2917 490 2989 reptantes
507 2915 714 2993 sustinuitque
729 2915 850 2974 manus!

164 2991 249 3053 5Hie
263 2997 396 3052 steterat
409 2997 584 3058 veneranda
599 2996 705 3057 domus
715 3040 724 3076 ,
735 3016 824 3076 'quae
840 2997 999 3077 praestitit
1014 2996 1085 3056 orbi

228 3073 318 3150 Quod
334 3075 460 3138 Rhodos
476 3081 637 3158 astrifero,
661 3081 743 3159 quod
757 3083 808 3162 pis
821 3082 916 3142 Creta
928 3078 1011 3161 polo.

185 3159 317 3219 Curetes
333 3164 441 3221 texere
455 3162 555 3223 lovem
569 3166 792 3245 crepitantibus
807 3167 916 3244 armis,

227 3242 370 3303 Semiviri
382 3249 529 3323 poterant
543 3246 644 3326 qualia
658 3250 743 3309 ferre
757 3249 914 3328 Phrygem

185 3323 226 3384 At
240 3332 272 3386 te
286 3328 425 3406 proteuIt
439 3327 583 3409 superium
601 3338 691 3408 pater
705 3338 739 3392 et
752 3334 826 3410 tibi,
846 3333 979 3410 Caesar,

142 3416 177 3470 10
224 3408 285 3469 Pro
301 3411 401 3474 iaculo
417 3419 451 3473 et
464 3433 570 3493 parma
585 3412 703 3474 fulmen
719 3423 751 3477 et
766 3417 850 3494 segis
867 3422 943 3477 erat.

62 3558 163 3616 a
