2370 3840
323 211 663 275 EPIGRAMMATON
676 211 750 275 LIB.
765 211 829 274 XII.
1036 213 1097 278 301

527 412 632 476 LXIX.

141 527 193 588 Sic
208 534 352 608 tanquam
368 525 487 588 tabulas
502 527 713 608 scyphosque,
735 524 848 606 Paule,

141 611 256 673 Omnes
270 612 455 692 archetypos
471 613 566 672 habes
582 611 704 670 amicos.

532 745 625 805 LXX.

139 860 250 920 Lintea
265 860 366 920 ferret
380 860 465 938 Apro
480 861 578 920 vatius
594 878 663 918 eum
675 855 802 918 vernula
819 877 919 938 nuper

181 946 223 1004 ut
239 963 332 1023 supra
346 942 479 1022 togulam
493 942 578 1004 lusca
593 941 720 1003 sederet
734 961 828 1020 anus,

139 1027 243 1107 Atque
259 1026 321 1087 olei
336 1025 448 1086 stIllam
466 1026 555 1087 daret
569 1025 797 1087 enterocelicus
811 1031 937 1104 unctor,

181 1111 321 1173 Udorum
336 1112 465 1171 tetrIcus
481 1130 592 1171 censor
606 1117 639 1170 et
654 1128 744 1190 asper
759 1115 836 1171 erat.

119 1194 343 1274 5Frangendos
358 1194 470 1255 calices
487 1193 771 1273 effundendumque
785 1191 955 1253 Falernum

183 1278 358 1358 Clamabat,
381 1279 505 1339 biberet
520 1279 573 1357 qui
587 1277 678 1338 modo
692 1276 775 1337 lotus
789 1295 894 1357 eques.

141 1364 168 1424 A
183 1381 258 1423 sene
273 1361 330 1422 sed
343 1366 506 1444 postquam
520 1367 629 1440 patruo
644 1378 759 1420 venere
774 1365 931 1439 trecenta,

183 1446 311 1505 Sobrius
326 1466 343 1505 a
358 1445 486 1504 thermis
501 1446 602 1504 uescit
615 1445 701 1504 abire
717 1443 847 1506 domum.

141 1529 167 1589 0
183 1536 328 1607 quantum
346 1528 479 1588 diatreta
493 1525 598 1588 valent
613 1533 645 1588 et
659 1529 796 1607 quinque
813 1527 940 1589 comati!

100 1622 132 1675 10
182 1613 288 1692 Tunc,
308 1632 377 1673 cum
391 1631 509 1693 pauper
524 1618 608 1691 crat,
630 1631 692 1672 non
708 1613 833 1672 sitiebat
847 1611 943 1692 Aper.

521 1746 627 1807 LXXI.

138 1857 190 1919 Nil
206 1879 285 1938 nou,
306 1859 433 1940 Lygdo,
454 1861 530 1921 mihi
548 1879 643 1940 negas
657 1860 794 1939 roganti:

139 1943 182 2002 At
197 1941 347 2020 quondam
365 1945 456 2022 mihi,
478 1943 602 2022 Lygdo,
624 1942 669 2003 ull
685 1943 828 2022 negabas.

408 2051 410 2055 ⁷
515 2090 635 2155 uxxu.

140 2204 249 2282 Iugera
263 2210 416 2264 mercatus
431 2223 530 2286 prope
544 2206 634 2265 busta
648 2201 775 2264 latentis
790 2201 885 2282 agelli

183 2288 224 2347 ut
238 2284 317 2348 male
334 2295 509 2368 compactae
526 2287 658 2349 culmIna
670 2287 748 2348 fulta
762 2305 867 2365 casae,

140 2372 267 2433 Deseris
283 2373 429 2450 urbanas,
451 2380 503 2434 tua
515 2372 658 2454 praedia,
680 2372 863 2449 Pannyche,
884 2368 976 2447 lites,

181 2456 357 2536 Parvaque,
380 2455 437 2516 sed
450 2459 543 2517 tritae
557 2457 694 2537 praemia
711 2462 797 2515 certa
812 2461 911 2534 togae.

118 2538 358 2620 adrumentum,
381 2539 498 2602 mllium
512 2543 725 2622 ptisanamque
739 2539 901 2618 fabamque
916 2534 1038 2597 solebas

182 2625 329 2688 Vendere
343 2627 564 2706 pragmaticus,
587 2626 669 2685 nunc
684 2625 761 2685 emis
774 2621 916 2702 agricola.

510 2758 643 2820 LXXIII.

138 2867 298 2928 Heredem
313 2870 371 2929 tibi
388 2888 454 2945 me,
477 2868 618 2946 Catulle,
640 2867 727 2930 dicis.

138 2951 207 3013 Non
222 2951 361 3032 credam,
380 2955 441 3014 uisi
454 2950 580 3032 legero,
603 2952 735 3014 Catulle.

506 3087 642 3152 LXXIV.

137 3197 216 3258 Dum
233 3199 291 3259 tibi
304 3197 439 3260 Niliacus
454 3205 559 3280 portat
574 3199 717 3278 crystalla
732 3199 884 3280 cataplus,

179 3283 295 3363 Accipe
310 3281 350 3343 dc
363 3285 445 3343 circo
460 3282 570 3364 poeula
583 3283 743 3346 Flaminio.

137 3364 180 3424 Ili
192 3368 287 3446 magis
302 3366 448 3446 audaces,
469 3387 506 3427 au
522 3375 594 3429 suut
608 3369 661 3446 qui
678 3367 750 3428 talia
764 3368 890 3427 mlttuut

179 3449 335 3512 Munera?
356 3451 413 3512 sed
426 3455 564 3531 geminus
581 3451 693 3513 vilibus
709 3471 782 3512 usus
795 3451 887 3510 Inest.
