2370 3840
420 199 465 261 M.
480 198 573 263 VAL.
589 196 815 261 MARTIALIS

79 404 82 409 .
183 355 218 414 In
233 373 293 434 qua
306 361 369 413 tum
383 350 512 412 similem
526 351 646 413 videbi·
660 351 770 431 Issum,

141 439 226 500 cht
241 439 282 498 ait
295 442 358 497 tam
373 434 479 497 similis
494 436 553 496 sibi
566 454 626 496 nec
639 437 715 515 ipsa.

183 522 278 582 Issam
293 521 427 601 denique
443 539 525 600 pone
540 540 608 579 cum
623 518 755 579 tabella:

184 607 247 666 Aut
260 612 420 684 utramque
434 605 557 684 putabis
571 621 641 664 esre
654 622 775 683 veram,

184 691 247 750 Aut
262 696 423 770 utramque
436 689 560 769 putabis
575 705 644 748 esse
657 689 779 768 pictam.

592 822 656 883 ΟΧ.

185 936 332 998 Scribere
346 954 396 996 me
413 937 573 1015 quereris,
592 934 710 1013 Velox,
734 937 951 1016 epigrammata
965 934 1067 1016 longa.

225 1020 295 1103 lpse
309 1017 389 1082 nihil
401 1021 526 1081 scribis:
545 1026 579 1080 tu
592 1021 735 1080 breviora
748 1019 834 1082 facis.

585 1154 663 1216 CXI.

185 1267 263 1330 (ium
275 1268 335 1328 tibi
352 1269 393 1329 ait
406 1269 534 1350 sophiae
547 1288 604 1349 pur
618 1269 699 1329 fama
713 1275 746 1329 et
760 1287 833 1328 cura
845 1232 1000 1347 iubarum,

225 1353 352 1431 iugenio
367 1355 468 1433 pictae
482 1371 541 1413 nec
555 1353 656 1412 minor
669 1354 736 1434 ipsa
755 1372 825 1413 uuo:

185 1434 968 1601 ¹⁸¹¹a⁰iiiiiiididiissiiiifiiriiiiii”hm

570 1654 660 1715 cxfl.

185 1765 263 1825 (ium
276 1770 309 1825 te
322 1784 385 1825 non
398 1785 537 1844 nossem,
557 1765 712 1827 dominum
725 1785 893 1846 regemque
906 1769 1066 1828 vocabamt

226 1848 314 1909 Nunc
328 1851 409 1910 bene
422 1857 455 1911 te
471 1853 556 1911 novi:
577 1851 637 1911 iam
653 1851 728 1911 mihi
742 1851 867 1912 Priscus
880 1855 953 1915 cris.
1067 1888 1069 1894 ,

569 1964 672 2026 cxlii.
1063 1959 1080 2022 i

186 2061 395 2140 Quaecunque
410 2059 472 2120 lusi
485 2061 605 2123 iuvenis
619 2068 652 2123 et
665 2081 744 2143 pucr
759 2062 912 2144 quondam

184 2145 363 2225 Apinasque
377 2151 514 2224 nostras,
538 2166 611 2225 quas
625 2166 684 2207 ucc
698 2148 766 2228 ipsc
780 2148 840 2208 iam
853 2149 940 2227 novi,

185 2227 271 2290 Male
287 2227 443 2291 collocare
462 2231 489 2290 si
502 2231 598 2291 bonan
611 2229 699 2292 voles
713 2233 807 2292 horas

184 2313 227 2373 lut
239 2313 392 2374 invidebit
408 2316 471 2373 ctio
487 2320 558 2392 tuo,
579 2314 695 2392 lectur,

162 2396 213 2456 ῦΑ
227 2394 394 2458 Valeriano
408 2394 498 2456 Polio
513 2402 603 2476 petes
619 2398 750 2474 Quinto,

183 2477 246 2538 Per
262 2497 353 2558 quem
366 2480 472 2560 perire
486 2497 548 2538 non
562 2477 640 2539 licet
652 2479 729 2540 meis
744 2480 841 2558 nugis.

537 2632 541 2641 ’
567 2611 673 2675 cxiv.

183 2725 250 2786 Hos
263 2727 321 2788 tibi
336 2727 470 2806 vicinos,
486 2727 651 2807 Faunine,
674 2728 889 2811 Telesphorus
903 2731 1012 2792 hortos

225 2810 359 2871 Faenius
376 2817 408 2872 ct
422 2812 517 2873 breve
535 2832 588 2873 rus
603 2811 724 2893 udaque
738 2819 828 2896 prata
840 2821 938 2879 tenet.

183 2893 333 2955 condidit
347 2895 399 2955 hic
412 2902 502 2955 natae
517 2897 639 2957 cineres
654 2917 829 2978 nomenque
844 2901 975 2961 sacravit

226 2977 316 3054 Quod
327 2977 409 3057 legis
422 2979 584 3059 Antullae,
604 2980 726 3061 dignior
740 2984 807 3064 ipse
820 2981 893 3063 legi.

162 3061 235 3124 aad
253 3061 375 3141 Stygias
390 3082 519 3143 aequum
534 3065 638 3126 fuerat
652 3073 742 3147 pater
756 3068 833 3128 ieret
847 3074 882 3131 ut
898 3069 1037 3129 umbras:

225 3144 315 3222 Quod
330 3147 401 3226 quic
414 3167 476 3208 non
489 3146 595 3228 licuit,
613 3151 710 3230 vivat,
729 3158 764 3214 ut
778 3171 847 3213 cusa
862 3150 952 3214 celat.

514 3289 516 3293 ·
574 3262 667 3327 GXV.

184 3354 339 3433 Quaedam
353 3378 402 3420 me
417 3362 518 3441 cupit,
536 3360 641 3422 invide
655 3359 807 3439 Procsslc,

22 3484 33 3551 ι,
180 3439 260 3502 Loto
275 3441 436 3504 candidior
448 3443 553 3525 puella
569 3463 683 3530 cygss⁰‚
