2370 3840
301 225 426 288 INDEX
438 223 786 288 EPIGRAMMATON.
999 228 1062 291 353

22 378 101 429 Ebria
119 375 236 427 Sidoniae
250 391 309 427 oum
324 377 373 426 sim
392 377 424 427 tle
438 378 563 443 sanguine
582 375 721 428 conchae.
749 412 756 426 .
781 412 787 426 .
816 414 821 426 .
850 415 855 427 .
884 415 890 426 .
913 378 980 438 xiv,
1002 378 1062 435 154.

22 448 115 498 Ebrius
129 445 266 496 haooieoit
283 446 374 506 terris,
392 452 471 510 puto,
485 453 598 496 monstra
610 444 790 496 Prometheus.
816 481 823 494 .
850 483 856 495 .
884 483 890 495 .
914 448 979 505 XlV.
1001 447 1061 502 182.

21 515 121 578 Ecquid
137 513 305 581 Hyperboreis
320 515 353 564 ad
367 529 414 564 nos
426 528 563 565 conversus
579 516 610 565 ab
628 516 679 564 oris
716 550 890 565 ......
964 517 1018 576 Vll,
1034 517 1060 570 6.

22 584 78 634 Ede
95 591 152 635 tuos
168 584 269 634 tandem
283 583 393 650 populo,
411 583 543 644 Faustina,
562 583 662 634 libellos
686 618 889 634 .......
981 587 1000 645 l,
1018 589 1061 639 25.

22 653 104 703 Edere
119 651 228 702 lascivos
242 652 275 702 ad
293 653 395 702 Baetica
408 659 536 701 crusmata
549 661 638 718 gestus
650 687 889 703 ........
955 656 998 714 Vi,
1017 656 1059 706 71.

21 721 140 772 Edictum
157 721 253 771 domini
268 721 361 784 deique
373 722 452 770 nostri
474 755 889 772 .............
981 724 1013 781 V,
1032 724 1059 775 8.

21 788 97 839 Edita
111 805 144 839 na
161 790 279 840 brevibus
291 797 378 855 pereat
393 788 457 838 mibi
469 804 530 839 cura
541 789 634 840 libellis
648 825 889 841 ........
981 794 1000 850 l,
1015 793 1059 845 45.

21 859 113 908 Editur
131 873 163 908 an
180 864 266 909 sextus
285 858 340 908 sine
355 867 380 908 te
395 858 469 919 mibi,
486 858 552 908 Rule
568 858 672 909 Camoni
711 895 718 909 .
746 894 752 908 .
781 894 787 908 .
815 894 821 906 .
849 897 855 909 .
883 894 889 906 .
959 861 1002 918 Vl,
1016 860 1058 912 85.

21 925 102 976 Effert
114 942 208 978 uxores
221 927 329 994 Fabius,
352 926 486 978 Chrestilla
499 929 601 978 maritos
642 963 889 978 ........
935 929 1000 988 Vlll,
1015 928 1059 983 43.

20 994 139 1060 Effigiem
156 1002 254 1047 tantum
269 997 342 1060 pueri
354 997 456 1062 pictura
470 994 574 1047 Camoni
606 1031 888 1048 .........
957 998 1001 1056 lX,
1016 1000 1058 1050 74.

20 1062 142 1130 Effugere
155 1066 181 1113 in
194 1064 299 1114 thermis
313 1072 338 1114 ct
350 1069 417 1115 circa
434 1065 526 1116 balnea
539 1081 589 1117 non
604 1074 642 1116 est
677 1101 888 1117 .......
946 1067 1001 1124 XII,
1014 1068 1058 1121 82.

19 1130 140 1199 Effugere
154 1148 205 1183 non
220 1142 272 1194 est,
287 1133 391 1194 Flacca,
406 1135 545 1186 basiatores
571 1170 888 1185 ..........
955 1135 998 1195 Xl,
1015 1133 1058 1187 08.

20 1202 85 1266 Egi,
100 1200 190 1263 Sexte,
208 1209 293 1264 tuam,
307 1211 397 1268 pactus
412 1204 462 1254 duo
476 1203 560 1266 milia,
580 1219 683 1255 causam
713 1240 719 1253 .
746 1240 752 1251 .
780 1239 785 1252 .
815 1239 820 1251 .
849 1242 855 1254 .
882 1239 888 1250 .
935 1205 1057 1264 1111117.

20 1271 105 1335 Egisti
119 1273 198 1322 vitam
216 1287 331 1338 semper,
346 1273 424 1334 Line,
442 1273 623 1339 municipalem
646 1306 888 1324 ........
953 1274 996 1334 IV,
1014 1273 1056 1326 66.

18 1338 98 1389 Elidit
110 1341 226 1404 geminos
241 1342 338 1401 inians,
352 1355 399 1390 nec
411 1341 514 1405 respicit
526 1356 623 1407 angues
643 1376 888 1392 ........
917 1341 983 1398 XIV,
999 1343 1057 1396 177.

18 1406 106 1472 Elysio
119 1409 207 1457 redeat
221 1409 244 1457 si
258 1407 323 1458 iorte
339 1410 462 1458 remissus
475 1409 507 1458 ab
522 1425 584 1476 agro
619 1444 888 1460 .........
951 1409 984 1470 X,
999 1411 1057 1462 101.

18 1475 77 1525 Emi
91 1490 138 1525 seu
152 1491 260 1540 puerum
276 1483 395 1542 togamve
409 1491 502 1541 pexam
514 1512 888 1530 ............
964 1480 994 1537 ll,
1013 1483 1057 1530 44.

18 1543 86 1593 Emit
102 1543 217 1595 lacernas
235 1545 338 1596 milibus
354 1547 442 1596 decem
459 1545 554 1597 Bassus
577 1581 887 1599 ..........
934 1548 1000 1606 VlIl,
1017 1548 1058 1599 10.

17 1612 111 1678 Empta
126 1614 217 1664 domus
233 1613 316 1664 iuerat
330 1615 390 1677 tibi,
404 1615 567 1681 Tongiliane,
583 1617 688 1667 ducenis
710 1652 717 1667 .
746 1652 752 1665 .
779 1651 785 1666 .
814 1652 819 1664 .
848 1655 854 1668 .
881 1651 887 1664 .
954 1617 996 1677 III,
1014 1618 1057 1668 52.

17 1681 160 1733 Encaustus
174 1682 304 1733 Phaethon
317 1683 403 1734 tabula
417 1685 464 1734 tibi
481 1686 564 1750 pictus
579 1687 605 1735 in
624 1685 673 1736 hac
689 1693 752 1736 est.
778 1722 784 1734 .
813 1721 819 1734 .
848 1725 853 1739 .
882 1721 888 1734 .
953 1688 997 1745 lV,
1013 1689 1055 1738 47.

17 1751 183 1816 Epigramma
199 1760 313 1802 nostrum
327 1768 383 1802 cum
398 1753 503 1804 Fabulla
516 1755 621 1821 legisset
644 1789 887 1807 ........
954 1756 996 1814 Ν,
1012 1756 1057 1807 81.

17 1819 94 1869 Erras
112 1836 226 1871 meorum
245 1821 286 1872 fur
299 1837 374 1873 avare
391 1823 513 1874 librorum
536 1858 887 1876 ...........
979 1825 998 1885 Ι,
1012 1824 1057 1876 66.

16 1887 139 1951 Esquiliis
153 1891 244 1941 domus
263 1898 312 1949 est,
332 1891 423 1942 domus
437 1893 534 1942 esttibi
550 1894 750 1944 colleDianae.
778 1927 784 1941 .
813 1928 819 1941 .
847 1931 853 1944 .
880 1928 887 1940 .
944 1893 999 1950 VlI,
1013 1893 1057 1944 73.

16 1956 173 2023 Essenegas
187 1967 286 2009 coctum
300 1959 414 2024 leporem
430 1963 567 2025 poscisque
584 1961 687 2026 flagella
708 1995 716 2012 .
744 1997 750 2009 .
779 1996 785 2009 .
813 1995 819 2010 .
847 1999 853 2012 .
881 1995 887 2008 .
953 1960 995 2020 lli,
1012 1960 1056 2011 04.

17 2025 82 2074 Esse
97 2025 161 2076 nihil
179 2027 244 2077 (licis
258 2026 381 2090 quidquid
392 2030 473 2092 petis,
493 2030 609 2093 improbe
625 2029 704 2079 Cinna
745 2065 752 2078 .
777 2065 783 2078 .
812 2064 819 2077 .
846 2067 852 2080 .
881 2065 887 2076 .
953 2029 996 2089 lli,
1013 2029 1057 2081 01.

16 2093 80 2144 Esse
93 2103 155 2159 puta
168 2110 254 2153 ceras,
269 2095 328 2144 licet
342 2095 406 2145 haec
418 2098 563 2148 membrana
575 2106 681 2148 vocetur
711 2132 886 2148 ......
945 2097 1013 2156 XIV,
1031 2099 1056 2148 7.

16 2161 81 2212 Essa
93 2171 167 2229 putes
180 2165 292 2215 nondum
307 2177 408 2224 sumen;
427 2167 465 2215 sio
476 2167 553 2217 ubere
567 2166 639 2231 largo
678 2200 885 2218 .......
931 2164 997 2225 Xlll,
1012 2168 1056 2219 44.

15 2231 80 2283 Essa
100 2233 162 2296 qnid
175 2232 225 2284 hcc
237 2232 335 2293 dicam,
351 2234 420 2303 quod
438 2234 505 2284 olent
517 2235 645 2286 tua‘basia
663 2235 788 2302 myrrham
812 2271 818 2284 .
845 2273 851 2286 ,
880 2272 885 2284 .
968 2236 998 2294 ti,
1014 2237 1056 2287 12.

15 2300 79 2351 Esse
93 2300 216 2364 quidhoc
231 2302 485 2367 alicam,vivisquod
500 2305 687 2371 lamanegatur
712 2341 719 2354 .
743 2341 750 2354 .
777 2343 783 2353 .
812 2339 818 2353 .
845 2342 851 2355 .
879 2342 886 2355 .
961 2305 992 2362 V,
1013 2304 1055 2356 10.

15 2360 80 2419 Esse
97 2371 145 2421 tibi
161 2371 250 2421 videor
264 2385 356 2422 saeuas
374 2373 531 2436 nimiumque
548 2372 654 2438 gulosus
676 2410 682 2423 .
711 2409 718 2424 .
743 2409 749 2422 .
775 2409 781 2421 .
811 2409 818 2422 .
845 2412 850 2424 .
879 2410 884 2422 .
930 2372 995 2433 VIII,
1012 2373 1055 2425 23.

14 2437 80 2487 Esse
97 2439 170 2489 vides
185 2439 296 2506 lignum;
315 2455 402 2491 servas
419 2441 469 2491 nisi
487 2442 597 2501 lumina,
610 2442 653 2492 flat
674 2480 680 2493 .
709 2479 715 2491 .
742 2479 748 2491 .
777 2478 782 2490 .
811 2479 816 2491 .
845 2481 850 2493 .
879 2480 884 2491 .
925 2441 994 2502 XlV,
1012 2443 1055 2493 44.

14 2507 105 2571 Esset,
123 2506 249 2569 Castrice,
267 2523 324 2559 cum
341 2509 403 2558 mali
421 2510 512 2561 coloris
537 2546 884 2562 ...........
954 2510 1009 2575 VII,
1028 2511 1054 2559 4·

14 2575 61 2626 Est
76 2575 140 2626 mihi
157 2576 240 2640 sitque
254 2592 345 2643 precor
358 2577 463 2645 longum
477 2588 503 2631 te
520 2581 652 2646 praeside,
671 2579 783 2631 (lassar.
810 2616 816 2629 .
844 2619 850 2630 .
878 2617 883 2629 .
948 2578 994 2646 ix,
1013 2577 1053 2629 18.

14 2643 61 2693 Est
78 2643 127 2694 tibi
141 2646 224 2708 sitque
242 2661 333 2711 precor
349 2647 442 2698 multos
461 2657 608 2714 crescatque
624 2665 671 2716 per
689 2663 768 2699 annos
809 2684 816 2699 .
844 2688 850 2701 .
878 2685 884 2698 .
956 2648 976 2709 Ι,
994 2646 1054 2699 108·

14 2711 48 2761 Et
65 2711 162 2763 delator
179 2729 206 2763 es
221 2721 246 2762 et
260 2715 425 2766 calumniator
439 2752 883 2770 ..............
948 2717 993 2782 xi,
1012 2716 1054 2768 66.

13 2780 47 2830 Et
61 2779 131 2830 dolet
147 2789 172 2832 et
188 2783 316 2845 queritur,
334 2785 385 2834 sibi
399 2799 450 2834 non
465 2789 612 2853 contingere
630 2786 712 2852 higna
742 2821 749 2836 .
776 2821 782 2834 .
808 2823 814 2834 .
844 2826 849 2837 .
878 2823 884 2835 .
952 2786 995 2847 Vl,
1011 2784 1055 2837 50.

13 2848 46 2899 Et
64 2849 144 2900 iudex
160 2851 224 2916 petit
241 2857 266 2902 et
280 2853 345 2917 petit
357 2860 478 2917 patronus
503 2891 883 2906 ............
963 2855 993 2914 11,
1012 2851 1054 2904 13.

13 2918 47 2967 Et
61 2917 121 2969 latet
137 2926 162 2969 et
175 2919 243 2970 lucet
258 2919 439 2973 Phaethontide
455 2925 556 2975 condita
569 2932 644 2990 gutta
673 2959 882 2976 .......
948 2923 992 2984 IV,
1012 2921 1055 2973 32.

13 2987 47 3036 Et
64 2987 133 3038 voitu
150 2996 265 3054 poteram
282 2998 325 3039 tuo
344 3005 429 3041 carere
439 3028 882 3046 ..............
949 2993 989 3049 lli,
1010 2988 1054 3042 53.

13 3056 116 3106 Etrusci
132 3058 181 3107 nisi
196 3057 329 3108 thermulis
344 3059 437 3110 lavaris
470 3097 881 3113 .............
949 3061 992 3119 Vl,
1009 3061 1053 3111 42.

12 3124 166 3191 Eutrapelus
180 3133 268 3178 tonsor
283 3129 344 3179 dum
363 3130 452 3179 circuit
469 3146 514 3181 ora
531 3131 640 3196 Luperci
675 3165 882 3183 .......
934 3128 990 3193 Vll,
1009 3127 1052 3180 83.

12 3193 147 3259 Excipient
161 3209 238 3260 apros
252 3212 284 3248 ex
303 3198 471 3262 astabuntque
486 3199 573 3250 leones
605 3235 612 3250 .
641 3235 647 3248 .
673 3236 679 3249 .
707 3235 713 3249 .
743 3235 749 3248 .
775 3235 781 3248 ·
807 3235 813 3248 ·
842 3239 848 3250 .
876 3236 881 3247 ·
921 3197 989 3257 XIV,
1009 3195 1052 3250 30·

12 3261 105 3326 Exigis
118 3279 135 3314 s
151 3265 226 3315 nobis
245 3280 292 3333 ope
323 3281 348 3316 m
366 3269 421 3317 sine
436 3268 485 3319 fine
500 3276 613 3335 togatam
637 3303 881 3319 ........
948 3266 990 3326 Ill,
1008 3264 1052 3317 46.

11 3329 119 3396 Exigis,
137 3340 166 3381 ut
183 3334 275 3386 donem
292 3343 392 3386 nostros
407 3337 465 3399 tibi,
486 3337 591 3399 Quinte,
609 3337 708 3388 libellos
740 3374 746 3387 .
773 3372 779 3384 ·
808 3372 812 3385 ·
842 3376 848 3387 .
875 3373 881 3386 ·
947 3336 1053 3396 1V,72.

11 3398 116 3466 Exigis,
133 3407 161 3450 ut
172 3410 273 3455 nostros
291 3405 382 3456 donem
395 3406 457 3468 tibi,
473 3408 573 3469 Tucca,
586 3404 707 3458 libellos.
736 3442 742 3456 .
772 3441 778 3453 .
807 3440 812 3453 .
842 3444 847 3456 .
876 3442 881 3454 .
934 3405 990 3465 Vll,
1008 3403 1051 3456 77.

13 3467 159 3532 Expirantis
175 3470 258 3523 adhuc
275 3475 385 3526 scombri
401 3476 433 3526 da
450 3477 573 3543 sanguine
591 3477 676 3542 primo
705 3512 711 3525 .
736 3512 742 3524 .
772 3509 777 3521 .
807 3511 812 3522 .
842 3512 848 3524 .
876 3510 882 3523 .
904 3473 1051 3535 xiin102·

97 3535 205 3603 Maur.
809 3539 850 3603 23
