2370 3840
312 181 653 242 EPIGRAMMA'I'ON
670 182 744 248 ΗΒ,
764 185 815 246 IV.
1043 186 1083 250 91

111 332 200 397 §Sed
214 339 248 394 tu
263 351 374 392 nomen
391 333 486 392 habes
503 351 609 392 averso
624 333 712 394 fonte
727 352 868 394 sororum

173 417 366 498 Impositum,
387 423 487 476 mater
502 415 585 494 quod
598 417 656 476 tibi
672 415 748 477 dura
764 417 866 495 dedit3

132 501 221 578 Quod
235 519 293 561 nec
308 499 523 581 Melpomene,
546 498 629 578 quod
643 519 701 560 nec
716 499 919 581 Polyhymnia
931 506 1044 586 posdt,

173 585 238 645 Nec
253 586 304 664 pio
320 604 386 644 cum
402 584 530 644 Phoebo
543 583 650 644 dicere
666 582 816 666 Calliope.

130 669 214 749 Ergo
230 667 353 747 aliquod
370 673 488 747 gratum
504 668 604 728 Musis
615 669 672 727 tibi
686 687 798 729 nomen
813 669 939 752 adopta:
1045 690 1047 694 ’

91 760 125 815 10
174 753 241 813 Non
257 771 380 833 semper
392 750 477 812 belle
493 750 608 832 dicitur
624 751 873 832 „llippodame.“

509 885 630 948 XXXII.

131 999 173 1058 Et
184 996 264 1060 latet
279 1005 313 1060 et
325 996 412 1060 lucet
425 998 655 1061 Phaethontide
671 997 795 1061 condita
810 1004 910 1079 gutta,

174 1082 372 1164 III-videatur
386 1084 451 1164 apis
465 1090 591 1144 nectare
607 1081 691 1142 clusa
707 1101 772 1143 suo.

132 1167 263 1245 Dignum
278 1175 434 1228 tantorum
448 1169 582 1248 pretium
599 1164 671 1226 tulit
684 1164 737 1224 illa
751 1164 907 1226 laborum:

175 1250 335 1312 Credibile
350 1257 400 1311 est
413 1253 511 1332 ipsam
526 1252 571 1310 sic
585 1249 719 1311 voluisse
735 1249 823 1310 mori.

499 1383 634 1445 XXXIII.

132 1492 229 1554 Pleno
243 1492 391 1555 laboratis
408 1497 521 1556 habeas
537 1513 605 1554 cum
619 1496 732 1555 scrinia
742 1493 847 1574 libris,

174 1578 299 1638 Ilmittis
314 1598 427 1658 quare,
450 1579 626 1656 Sosibiane,
648 1578 749 1639 nihil?

133 1652 259 1741 „Edcnt
273 1662 430 1723 heredes“
444 1664 547 1742 inquis
563 1681 652 1738 „mea
671 1664 838 1725 carmina.“
864 1660 1014 1741 Quando?

175 1745 312 1826 Tempus
327 1754 395 1806 erat
409 1749 468 1807 iam
483 1755 532 1826 te,
555 1747 732 1824 Sosibiane,
754 1746 826 1826 legi.

494 1881 632 1943 XXXIV.

133 1989 266 2052 Sordida
280 2014 348 2054 cnm
364 1996 421 2055 tibi
438 1997 495 2073 ait,
516 2002 755 2073 verumtamen,
777 1993 900 2072 Attalo,
923 1991 1015 2070 dinit,
1059 1955 1062 1960 -

176 2076 321 2157 Quisquis
335 2083 367 2138 te
382 2081 501 2139 niveam
514 2077 593 2138 dixlt
605 2080 722 2140 habere
740 2085 850 2157 togam.

504 2210 628 2274 XXXV.

132 2324 300 2393 Frontibus
318 2324 455 2385 adversis
469 2323 782 2386 molles·concurrere
795 2323 927 2384 dammas

175 2407 315 2470 Vidimus
332 2414 365 2469 et
378 2409 435 2468 fati
449 2416 534 2468 sorte
544 2411 651 2470 iacere
668 2410 745 2488 pari.

134 2490 321 2572 Spectavere
337 2511 428 2553 canes
442 2492 587 2573 praedam
603 2494 781 2573 stupuitque
796 2494 947 2574 superbus

176 2575 331 2656 Venator,
354 2574 455 2638 cultro
470 2576 516 2637 nil
530 2596 694 2658 superesse
709 2596 772 2641 suo.

102 2657 222 2720 5Unde
236 2658 321 2722 leves
338 2661 456 2722 anImae
470 2667 556 2722 tanto
570 2658 694 2722 caluere
709 2661 838 2721 furore?

175 2741 226 2804 Si'c
240 2751 377 2825 pugnant
391 2747 487 2824 tauri,
506 2747 550 2805 sic
565 2745 708 2805 cecidere
722 2746 789 2805 viri.

499 2878 636 2956 xxxvi.
672 2951 677 2961 .

91 2983 92 2988 ἵ
134 3004 217 3064 Cana
231 2992 280 3066 est
294 3008 389 3067 barbo
403 3008 477 3086 tibi,
495 3009 583 3084 nigra
597 3012 646 3067 est
662 3025 761 3068 coma:
784 3007 905 3084 tingere
922 3005 1046 3064 barbam

173 3087 242 3148 Non
255 3096 363 3171 potes,
385 3092 462 3151 hoec
478 3095 644 3152 causaest:
668 3089 724 3150 aed
739 3095 845 3171 potes,
867 3087 942 3167 010,
961 3107 1075 3148 comam

489 3224 641 3288 XXXVII.

132 3334 286 3415 „Centum
300 3337 438 3397 Coranus
453 3343 487 3398 et
503 3336 634 3399 ducenta
648 3338 826 3415 Mancinus,

132 3416 401 3487 Trecentadebet
416 3419 534 3501 Titius,
555 3424 615 3481 hoc
632 3423 679 3482 bic
696 3419 842 3496 Albinus,
