2370 3840
107 203 171 268 292
430 202 476 266 M.
491 203 583 267 VAL.
599 202 827 264 MAR'IIALIS

555 405 695 467 XXXVI.

195 521 302 582 Libras
318 523 479 599 quattuor,
496 524 548 578 aut
563 517 636 577 duas
652 518 748 579 amico

194 605 418 683 Algentemque
433 609 534 681 togam
549 605 736 681 brevemque
749 600 888 683 laenam,

193 686 351 748 Interdum
365 685 505 747 aureolos
520 705 611 746 manu
626 691 806 765 crepantes,

192 772 317 832 Possint
334 770 449 830 ducere
466 771 518 849 qui
534 769 608 830 duas
621 768 793 850 Kalendas,

172 855 404 933 5Quodnem0,
428 855 488 913 nisi
501 860 551 933 tu,
572 853 716 931 Labulle,
740 852 851 932 donas,

192 941 262 999 Non
278 957 328 1017 es,
351 936 444 997 crede
458 937 550 1014 mihi,
572 939 678 998 bonus.
711 937 793 1012 Quid
808 937 906 1017 erga?

193 1025 237 1084 Ut
250 1042 356 1084 verum
369 1021 495 1100 loquar,
517 1022 649 1099 optimus
664 1019 813 1082 malorum
829 1040 872 1083 es.

192 1109 323 1167 Pisones
338 1106 535 1183 Senecasque
549 1105 790 1184 Memmiosque,

193 1192 235 1251 Ilt
249 1191 376 1270 Crispos
392 1190 467 1249 milri
480 1187 596 1266 redde,
616 1187 672 1249 sed
685 1182 825 1268 priores:

152 1275 264 1337 loFies
278 1275 419 1355 protinus
434 1271 559 1333 ultimus
575 1275 733 1335 bonorum.

193 1359 248 1420 Vis
264 1378 355 1418 cursu
368 1357 560 1438 pedibusque
576 1356 723 1436 gloriari?

194 1442 313 1520 Tigrim
326 1444 415 1502 vlncc
429 1440 590 1519 levemque
604 1441 809 1502 Passerinum.

193 1524 285 1585 Nulla
300 1532 348 1585 est
363 1525 461 1604 gloria
473 1526 648 1605 praeterire
663 1523 783 1584 asellos.

550 1672 701 1733 XXXVII.

191 1787 324 1847 Nasutus
339 1788 464 1848 nimium
479 1789 564 1867 cupis
578 1786 686 1847 videri.

192 1870 340 1932 Nasutum
354 1870 439 1950 mlo,
459 1868 531 1931 nola
545 1869 738 1952 polyposum.

551 1998 714 2062 XXXVIII.

195 2113 286 2172 Hunc
302 2114 354 2192 qui
370 2113 513 2174 femIneis
527 2119 697 2192 noctesque
713 2110 842 2191 diesque
856 2106 1014 2171 cathedris

233 2196 355 2256 lucedii
367 2202 433 2257 tuta
447 2203 538 2257 nctus
553 2199 585 2256 iu
600 2199 677 2256 urbe
693 2198 799 2274 nimis,

193 2281 287 2340 (iriae
303 2281 422 2359 nitens,
445 2282 535 2360 niger
549 2287 721 2359 unguento,
742 2276 920 2360 perlucidus
934 2282 1042 2356 ostro,

235 2364 297 2425 0re
313 2371 421 2442 tener,
440 2363 520 2424 latus
534 2370 679 2444 pectore,
700 2383 791 2425 crure
806 2361 928 2441 glaber,

170 2448 289 2509 §Uxori
308 2451 359 2529 qui
374 2467 467 2529 saepe
483 2453 554 2508 tuac
570 2467 672 2508 comcs
686 2448 844 2527 improbus
859 2446 985 2504 haeret:

233 2534 301 2592 Non
316 2539 365 2593 est
379 2531 462 2613 quod
476 2533 599 2608 timeas,
621 2530 775 2592 Candide:
796 2549 859 2592 non
873 2529 975 2589 futuit.

556 2670 692 2731 XXXIX.

192 2780 253 2841 0di
268 2786 318 2862 te,
341 2786 411 2863 quia
425 2782 527 2845 bellus
541 2802 590 2862 es,
611 2781 744 2844 Sabelle.

190 2865 253 2925 Res
268 2873 317 2926 est
330 2867 453 2947 putida,
474 2867 574 2930 bellus
590 2873 623 2927 et
637 2867 795 2944 Sabellus,

190 2946 311 3009 Bellum
325 2949 459 3031 denique
475 2953 571 3029 malo,
594 2970 683 3030 quam
697 2950 862 3012 Sabellum.

191 3032 346 3093 Tabescas
360 3037 492 3112 uticam,
514 3034 655 3113 Sabelle,
677 3035 774 3095 belle!

594 3160 656 3222 XL.

189 3269 352 3346 Mentiris,
374 3266 483 3329 credo:
505 3271 619 3331 recItas
633 3271 713 3332 mala
728 3273 877 3350 carmiua,
897 3269 1008 3332 laudus

236 3352 364 3430 (lautas,
387 3357 492 3412 canto:
516 3353 612 3431 bibis,
634 3353 823 3434 Pontiliane,
845 3358 928 3420 bibo.

66 3433 301 3622 *reum
324 3433 497 3497 dissimulo:
518 3454 636 3515 gemma
651 3440 696 3499 vis
709 3437 836 3518 ludere,
857 3441 980 3500 vincor:
