2370 3840
425 194 470 256 Μ.
481 192 574 257 VAL.
588 192 813 257 MAR'IIALIS

553 395 688 457 LXXXI.

182 513 297 573 Lector
312 516 344 571 et
360 509 481 570 auditor
493 515 617 570 nostros
632 509 760 588 probat,
781 508 877 587 Aule,
898 507 1046 593 libellos,

224 594 289 655 Sed
304 594 424 673 quidam
441 600 564 654 exactos
582 611 652 652 esse
666 597 759 672 poeta
771 600 872 676 negat.

123 746 126 750 ³
181 682 249 741 Nou
265 680 391 739 nimium
406 698 496 738 curo:
514 696 584 737 uam
600 695 695 737 cenae
710 675 830 736 fercula
843 683 969 739 nostrae

222 761 331 826 Malim
347 763 480 823 conuiuis
495 781 583 840 quam
597 759 751 840 placuisse
767 762 858 823 cocis.

546 894 693 955 LXXXII.

182 1013 310 1072 Direrat
325 1006 498 1086 astrologus
513 1008 684 1086 periturum
699 1012 731 1067 te
747 1007 826 1085 cito,
847 1007 980 1086 Munna,

222 1095 304 1172 Nec,
325 1099 420 1172 puto,
441 1091 588 1151 mentitus
604 1089 725 1151 diuerat
737 1089 791 1152 illc
808 1092 875 1153 tibi.

182 1181 259 1240 Nam
275 1186 309 1238 tu
324 1176 394 1236 dum
410 1177 540 1254 metuis,
561 1193 601 1235 ue
617 1173 692 1254 quid
705 1181 778 1256 post
791 1176 855 1234 fata
870 1174 1045 1257 relinquas,

223 1262 362 1323 Hausisti
377 1261 493 1339 patrias
507 1258 683 1320 luxuriosus
700 1278 792 1339 opes,

161 1349 298 1426 5Bisque
313 1353 398 1405 tuum
418 1343 543 1404 deciens
558 1363 620 1403 uon
635 1349 701 1404 toto
720 1344 818 1404 tabuit
837 1363 930 1403 auno:

224 1432 281 1491 DIc
299 1431 391 1507 mihi,
408 1449 470 1488 nou
484 1431 544 1488 hoc
559 1436 623 1505 est,
645 1428 779 1506 Munna,
799 1429 906 1510 perire
922 1427 1006 1490 citol
1100 1443 1107 1454 '

535 1562 697 1626 LXXXilI.

182 1677 268 1736 Iuter
281 1682 366 1735 tauta
380 1680 451 1735 tuae
466 1673 627 1752 miracula,
650 1676 781 1753 Caesar,
802 1676 954 1754 harenae,

225 1760 309 1835 Quae
323 1759 419 1819 vincit
434 1765 574 1818 veterum
588 1777 715 1819 munera
729 1758 814 1819 clara
832 1758 958 1838 ducum,

182 1841 317 1906 Multum
332 1841 430 1919 oculi,
452 1841 509 1903 sed
522 1839 590 1922 plus
606 1860 695 1902 aures
710 1842 827 1904 dehere
842 1845 979 1903 fatentur

225 1928 267 1987 Se
281 1929 356 2005 tibi,
379 1925 462 2007 quod
478 1932 620 2006 spectant
634 1928 686 2004 qui
701 1928 836 1988 recitare
851 1925 960 1988 solent.

531 2059 694 2123 LXXXIV.

183 2175 258 2235 Com
273 2180 326 2235 tua
341 2172 510 2253 sacrilegos
526 2179 649 2252 coutra,
670 2174 830 2250 Norbaue,
853 2172 976 2233 furores

126 2252 142 2281 ⁶
228 2259 333 2319 Staret
346 2277 404 2338 pro
421 2257 544 2317 domiuo
560 2258 693 2318 Caesare
709 2262 813 2317 sancta
827 2255 924 2335 fides,

183 2343 269 2402 Haec
285 2360 342 2421 ego
357 2342 461 2401 Pieria
475 2340 620 2401 ludebam
634 2346 719 2401 totos
733 2343 765 2400 iu
781 2341 904 2417 umbra,

227 2423 285 2487 lIle
299 2433 371 2486 tuae
385 2422 487 2484 cultor
501 2431 593 2485 notus
609 2426 771 2484 amicitiae.

161 2511 240 2571 aMe
255 2512 312 2569 tibi
326 2505 500 2573 VindelicIs
511 2507 626 2568 Raetus
641 2510 786 2569 narrabat
800 2509 832 2567 iu
850 2506 929 2585 oris,

223 2591 334 2653 Nescia
348 2612 406 2654 uec
420 2593 519 2653 nostri
534 2590 666 2650 nominis
680 2592 792 2652 Arctos
811 2597 888 2654 erat.

183 2676 209 2736 0
227 2678 369 2754 quotiens
383 2683 523 2738 veterem
536 2694 598 2735 nou
612 2675 766 2736 inficiatus
782 2676 910 2735 amicum

224 2760 335 2821 DIxIsti
350 2761 464 2839 „Meos
480 2765 528 2821 est
542 2760 603 2820 iste
617 2766 725 2839 poeta,
746 2759 869 2819 meus!“

183 2843 282 2903 0mue
296 2845 354 2923 tibi
368 2851 508 2905 nostrum
524 2843 606 2922 quod
621 2844 668 2904 bis
682 2842 848 2904 trieteride
861 2843 974 2904 iuncta

141 2938 174 2990 10
221 2927 303 2987 Itute
319 2926 410 2988 dabat
424 2927 542 3008 lector,
564 2947 646 2988 nuuc
662 2926 747 2988 dabit
763 2933 869 3000 auctor
884 2945 969 3007 opus.

545 3061 696 3126 LXXXV.

180 3171 368 3253 Languidior
382 3177 490 3232 noster
504 3175 530 3233 si
546 3174 666 3253 quaudo
682 3181 731 3236 est
744 3173 875 3252 Paulus,
895 3167 988 3249 Atili,

223 3259 291 3319 Nou
308 3276 358 3335 se,
381 3257 522 3316 convivas
538 3260 673 3319 ahstiuet
687 3258 742 3319 iIIe
757 3278 838 3321 auos.
858 3317 860 3325 ,

182 3342 232 3402 'Iu
244 3341 394 3423 languore
409 3337 533 3420 quidem
547 3343 648 3402 suffito
663 3343 798 3422 fictoque
811 3341 951 3418 laboras,

98 3432 104 3444 '
223 3426 287 3487 Sed
301 3446 369 3489 mea
382 3423 524 3508 porrexit
538 3424 694 3507 sportula,
715 3424 828 3506 Paule,
844 3423 952 3506 pedes.
