2370 3840
300 190 639 255 EPIGRAMMATON
653 189 727 251 LlB.
746 191 796 254 IX.
1008 192 1070 257 213

114 443 357 528 Spendophorus
372 342 635 523 Libycaslddrllini
648 444 730 522 petit
743 443 876 525 armiger
893 446 1003 507 urbes:

157 532 242 607 Quae
256 548 354 609 puero
371 527 468 587 doncs
485 524 565 604 tela,
588 525 724 606 Cupido,
745 547 837 606 para;

113 614 170 675 illa
185 615 294 693 quibus
309 614 436 672 iuvenes
450 612 520 690 figis
535 609 706 689 mollesque
724 610 857 690 puellas:

156 699 204 759 Sit
218 706 321 759 tamen
335 697 367 756 in
383 703 493 756 tenera
507 696 584 757 levis
600 701 633 754 et
647 695 735 754 hasta
750 715 849 756 manu.

88 783 252 846 tLoricam
269 781 474 861 clypeumque
488 781 546 839 tibi
563 777 741 858 galeamque
755 780 900 854 remitto;

156 867 255 927 Tutus
269 873 304 926 ut
317 862 440 924 invadat
453 863 587 944 praelia,
608 862 708 923 nudus
724 868 783 924 eat.

113 952 182 1012 Non
196 950 313 1029 iaculo,
334 968 395 1008 non
412 966 487 1008 ense
502 948 561 1008 fuit
575 947 714 1008 laesusve
730 948 855 1027 sagitta,

156 1033 284 1096 Casside
302 1032 373 1092 dum
387 1030 468 1092 liber
481 1032 735 1111 Parthenopaeus
752 1037 828 1091 erat.

116 1119 261 1196 Quisquis
279 1119 315 1177 ab
331 1118 390 1177 hoc
405 1117 502 1176 fuerit
514 1118 609 1194 fixus,
631 1117 782 1175 morietur
795 1132 908 1176 amore.

75 1214 109 1266 10
158 1202 184 1263 0
199 1201 290 1282 felix,
313 1202 340 1260 si
356 1219 446 1281 quem
461 1208 522 1260 tam
537 1201 617 1272 bona
632 1199 694 1258 lata
709 1198 850 1259 mancat!

114 1288 191 1347 Dum
206 1306 284 1366 puer
300 1304 350 1363 es,
367 1284 496 1363 redeas,
518 1283 590 1343 dum
603 1282 690 1344 voltu
703 1282 857 1359 lubricus,
880 1285 911 1339 et
926 1285 959 1339 te

156 1371 224 1431 Non
238 1370 337 1448 Libye
352 1369 461 1445 faciat,
481 1367 538 1428 sed
553 1374 604 1426 tua
618 1366 714 1426 Roma
728 1367 835 1427 virum.

504 1501 596 1563 LVII.

115 1600 166 1663 Nil
183 1608 232 1663 est
245 1603 349 1663 tritius
366 1597 483 1680 Hedyli
496 1598 647 1659 lacernis:

114 1687 183 1746 Non
198 1706 288 1747 ansae
302 1692 442 1746 vetorum
458 1684 708 1760 Corinthiorum,

115 1771 180 1830 Nec
200 1791 271 1831 crus
287 1769 435 1850 compede
450 1767 603 1828 lubricum
619 1766 768 1845 decenni,

116 1855 181 1914 Nec
199 1861 309 1935 ruptae
323 1855 457 1913 recutita
471 1851 552 1914 colla
567 1850 685 1929 mulae,

93 1938 181 1999 5Nec
201 1957 277 2016 qnae
291 1936 473 1998 Flaminiam
489 1942 595 1997 secant
610 1934 768 2011 salebrae,

116 2023 144 2081 N
146 2040 181 2080 ec
201 2022 252 2099 qni
265 2020 409 2081 litoribus
422 2022 524 2081 nitent
537 2017 654 2100 lapilli,

116 2106 181 2165 Nec
200 2105 301 2165 'l'usca
315 2101 379 2182 ligo
395 2105 483 2166 uinea
497 2104 629 2186 politus,

115 2189 181 2249 Nec
198 2187 318 2268 pallens
332 2195 403 2267 toga
416 2191 529 2249 mortni
544 2185 684 2264 tribulis,

116 2273 181 2333 Nec
199 2274 280 2353 pigri
295 2278 363 2332 rota
379 2292 487 2351 quassa
499 2271 659 2349 mulionis,
720 2288 724 2295 ·

73 2357 181 2419 10Neo
200 2377 299 2416 rasum
316 2375 407 2416 cavea
422 2353 501 2417 latus
516 2357 664 2433 bisontis,

115 2440 181 2501 Nec
199 2439 349 2502 densium
366 2441 471 2500 senior
485 2441 600 2501 ferocis
616 2439 693 2519 apri.

117 2525 181 2585 Res
195 2545 255 2585 una
271 2532 320 2586 est
334 2532 452 2602 tamen,
467 2558 509 2566 —
522 2525 591 2604 ipse
604 2543 667 2584 non
682 2520 823 2599 negabit,
837 2552 878 2561 -

118 2608 212 2669 Culus
229 2611 334 2669 tritior
348 2606 465 2688 Hedyli
478 2607 621 2670 lacernis,

501 2741 605 2802 LVHl.

117 2855 259 2935 Nympha
276 2855 355 2914 sacri
369 2856 477 2934 regina
490 2852 594 2932 lacus,
617 2854 665 2913 cui
682 2858 768 2932 grata
781 2850 912 2910 Sabinus

160 2940 202 3001 Et
217 2957 358 2998 mansura
371 2940 422 3018 pio
438 2956 565 2997 munere
579 2935 694 3016 templa
710 2933 813 3012 dedit,

120 3024 171 3084 Sic
186 3028 329 3083 montana
343 3028 412 3082 tuos
428 3039 551 3100 semper
567 3019 648 3080 colat
663 3020 789 3081 Umbria
802 3019 923 3097 fontes,

161 3109 226 3168 Nec
240 3113 293 3167 tua
308 3107 437 3165 Baianas
453 3105 574 3164 Sassina
589 3102 675 3164 malit
689 3123 798 3183 aquas:

98 3193 241 3272 tExcipe
257 3188 410 3251 sollicitos
425 3187 562 3268 placide,
585 3207 653 3248 mea
669 3187 764 3266 dona,
785 3183 930 3259 libellos3

164 3277 213 3335 Tu
228 3276 326 3336 fucris
340 3274 439 3334 Musis
455 3273 580 3353 Pegasis
595 3272 676 3332 unda
690 3273 776 3334 meis.
792 3304 835 3315 -

121 3359 349 3440 „Nympharum
366 3355 490 3438 templis
506 3359 643 3437 quisquis
659 3376 712 3416 sua
727 3355 860 3415 carmina
876 3349 985 3430 donat,

163 3442 242 3520 Quid
257 3444 328 3504 fieri
341 3441 432 3504 libris
452 3440 579 3520 debeat,
600 3443 668 3520 ipse
685 3437 810 3498 docat.“
