2370 3840
380 227 390 247 .
468 184 512 246 M.
528 183 619 244 VAL.
635 181 862 244 MARTIALIS

205 334 206 338 ’
268 336 310 397 nt
325 356 379 395 cor
392 334 475 396 solus
490 336 602 416 habes,
624 332 709 395 solus
722 341 755 395 et
768 336 935 414 ingenium.

208 421 343 481 50mnia
358 419 440 480 solus
454 421 550 480 habea
565 453 605 464 -
621 420 681 479 hoc
695 438 745 478 me
759 425 833 500 puta
847 418 930 480 velle
946 421 1079 500 negare!
1093 454 1135 468 --

268 504 404 564 Uxorem
421 503 477 564 aed
490 504 603 581 habes,
626 501 781 582 Candide,
805 523 874 564 cum
885 501 1012 586 populo.

605 651 729 716 XXVII.

226 767 386 848 Nunquam
401 788 450 830 me
463 787 608 848 revocas,
629 770 734 828 venias
751 788 819 828 cum
832 787 926 851 saepe
939 776 1079 831 vocatus:

256 854 412 933 Ignosco,
434 851 553 913 nullum
564 854 591 913 si
606 852 713 931 modo,
734 851 843 932 Galle,
864 873 963 915 vocas.

225 937 338 998 Invitas
351 937 442 998 allos:
464 938 572 997 vitium
587 943 640 997 est
649 938 820 1016 utriusque.
849 937 962 1015 „Quod
969 937 1007 998 ’.Μ
1020 939 1132 1020 inquis.

267 1022 310 1083 Et
323 1022 398 1081 mihi
414 1040 468 1082 cor
483 1026 624 1099 nonest,
647 1027 679 1080 et
693 1023 769 1100 tibi,
791 1021 897 1102 Galle,
918 1021 1029 1102 pudor,

590 1169 727 1233 XXVIII.

224 1287 404 1350 Auriculam
417 1288 520 1351 MarIo
535 1284 671 1370 grauiter
685 1289 806 1349 miraris
821 1289 917 1352 olere.

266 1374 316 1434 Tu
329 1374 407 1433 facis
424 1374 499 1435 hoc:
522 1375 638 1454 garris,
659 1373 791 1453 Nestor,
812 1375 845 1433 in
860 1372 1035 1436 auriculam.

606 1505 721 1569 XXIX.-

222 1619 288 1679 Has
303 1639 371 1680 cum
385 1623 507 1701 gemina
521 1622 671 1702 compede
686 1620 811 1681 dedicat
824 1626 964 1702 catenas,

224 1703 374 1784 Saturne,
395 1707 455 1766 tibi
468 1704 593 1785 Zoilus,
615 1702 723 1766 anulos
738 1706 869 1786 priores.

606 1852 702 1914 XXX.

224 1961 371 2043 Sportula
384 1960 469 2022 nulla
485 1961 592 2039 datur3
613 1965 709 2042 gratis
725 1965 849 2025 conviva
863 1965 1033 2026 recumbis:
1095 1987 1097 1990 ’

193 2115 198 2122 q
264 2048 321 2107 Dic
336 2048 427 2125 milri,
451 2046 524 2127 quid
538 2047 670 2127 Romae,
692 2048 887 2128 Gargiliane,
908 2050 1008 2110 facist

222 2131 313 2192 Unde
331 2133 389 2192 tibi
402 2131 509 2210 togula
523 2139 572 2192 est
586 2139 618 2192 et
633 2132 739 2192 fuscae
751 2135 860 2214 pensio
875 2132 998 2193 cellae?

264 2214 355 2276 Unde
373 2215 463 2277 datur
478 2215 655 2296 quadrans?
675 2216 757 2277 unde
772 2219 819 2276 vir
834 2236 869 2277 es
883 2218 1043 2280 Chiones?

201 2300 301 2360 ocum
315 2302 436 2360 ratione
450 2300 526 2360 licet
541 2299 624 2360 dicas
637 2307 670 2360 te
684 2303 788 2361 viuere
804 2321 935 2381 summa,

264 2382 354 2460 Quod
372 2386 463 2464 vivis,
482 2383 568 2444 nulla
583 2403 651 2443 cum
664 2386 785 2447 ratione
798 2386 884 2446 facis.

605 2532 715 2596 XXXI.

221 2646 300 2706 Sunt
314 2647 388 2724 tibi,
411 2647 580 2726 confiteor,
601 2647 705 2708 diffusi
720 2651 827 2728 iugera
840 2653 938 2733 campi

261 2730 440 2810 Urbanique
454 2737 565 2792 tenent
577 2731 704 2813 praedia
718 2733 815 2795 multa
828 2734 927 2815 lares,

219 2814 262 2876 Et
277 2815 373 2873 servit
388 2815 527 2875 dominae
542 2836 723 2877 numerosus
739 2818 862 2879 debitor
878 2839 967 2881 arcae

263 2897 484 2977 Sustentatque
498 2906 567 2960 tuas
581 2921 673 2961 aurea
688 2922 786 2962 massa
801 2902 905 2983 dapes.
957 2959 959 2962 ,

196 2981 376 3044 5Fastidire
392 2990 493 3042 tamen
509 2984 589 3061 noli,
610 2986 737 3064 Rufina,
758 2988 910 3048 minores:

261 3064 336 3126 Plus
351 3067 458 3126 habuit
472 3067 637 3148 Didymus,
651 3069 722 3151 plus
735 3069 929 3133 Philomelus
943 3074 1047 3137 habet.

593 3219 715 3284 XXXII.

219 3334 268 3394 An
282 3334 398 3413 possim
412 3330 546 3395 vetulam
562 3338 696 3416 quaeris,
713 3337 876 3401 Matrinio:
897 3360 1022 3422 possum

260 3419 303 3480 Et
317 3417 468 3501 vetulam,
491 3418 548 3481 secl
563 3426 598 3482 tu
611 3428 748 3502 mortua,
770 3444 832 3485 non
846 3423 950 3487 vetula
964 3444 1007 3487 es.
