2370 3840
321 189 663 250 fftemmmox
677 189 753 249 Lm.
768 189 811 253 lu.
856 228 865 243 ·
1046 189 1092 256 65

521 391 616 452 xm

128 505 287 583 nedem,
307 506 414 586 Apici,
428 505 478 564 bia
492 505 687 563 trecentiens
704 507 823 583 ventri,

127 593 170 655 Et
184 589 286 651 adhuc
302 596 467 670 cuperent
481 590 623 647 centiens
637 589 696 647 tibi
708 586 820 649 laxum.

127 676 199 737 Huc
215 683 251 735 tu
263 682 406 754 gravatus
421 680 456 732 ut
469 673 582 731 famem
597 679 630 731 et
644 674 727 731 aitim
742 673 829 734 ferre

129 761 255 821 Summa
268 777 420 819 venenum
433 759 562 837 potione
575 756 731 835 perduxti.

107 842 184 908 sNtl
198 852 265 921 cut,
284 844 394 923 Apici,
415 843 473 902 tibi
488 840 625 920 gulosius
639 841 765 900 iactum.

517 975 625 1035 xxm.

129 1090 241 1153 omnia
256 1109 325 1149 cum
339 1094 428 1148 retro
443 1091 550 1168 pueria
564 1090 693 1168 opsonia
706 1088 828 1167 tradas,

171 1174 237 1236 Gur
250 1193 312 1232 non
326 1191 433 1233 menna
447 1174 505 1231 tibi
519 1174 646 1252 ponitur
660 1193 677 1232 u
691 1173 847 1254 pedibus?

128 1421 205 1485 Vite
218 1437 335 1479 uccena
350 1437 422 1478 rura
434 1418 535 1477 atabut
549 1418 717 1477 moriturus
732 1417 770 1476 ad
785 1438 853 1478 uras

171 1505 307 1581 Hirtus,
328 1502 470 1579 Bacche,
493 1503 556 1561 tuis
568 1503 692 1561 victima
704 1509 791 1581 gruta
804 1503 893 1567 focis,

129 1590 229 1668 Quem
244 1587 366 1647 'iucem
380 1591 516 1647 mactare
532 1584 591 1646 deo
607 1606 675 1646 cum
690 1586 787 1646 uellet
801 1588 975 1671 haruapeu,

170 1674 300 1733 Dixerat
314 1672 430 1750 agreati
444 1671 528 1731 forte
542 1669 676 1750 rudique
688 1672 770 1749 rire,

106 1758 176 1822 §Ut
190 1758 252 1817 cito
266 1753 430 1816 testiculos
445 1762 479 1814 et
492 1762 580 1815 acuta
593 1754 676 1815 falce
691 1764 830 1835 necaret,

172 1841 272 1901 Teter
286 1848 322 1900 ut
335 1837 509 1900 immundae
523 1841 625 1899 carnia
640 1841 740 1900 abiret
754 1839 842 1904 odor.

130 1927 201 2007 ipae
215 1944 309 2006 aupcr
323 1923 441 1985 virides
456 1944 523 1984 arar
537 1922 688 1983 luctantia
704 1944 822 2003 prouua

171 2010 251 2069 Dum
267 2016 392 2069 reaeeat
404 2007 506 2068 cultro
523 2005 603 2067 cella
618 2009 796 2088 premitque
810 2029 917 2089 muuu,

129 2094 242 2174 Ingena
254 2093 343 2153 intia
358 2094 501 2175 apparuit
514 2093 625 2152 hernia
638 2094 744 2151 sacris.

88 2189 125 2243 10
171 2179 310 2258 Occupat
324 2178 404 2238 hauc
421 2178 508 2238 ferro
522 2177 656 2236 rurticua
670 2182 763 2254 utque
778 2182 880 2252 aecut,

130 2263 200 2324 Hoc
212 2269 299 2322 ratua
313 2264 457 2342 antiquos
474 2281 631 2322 merorum
645 2277 778 2340 poscere
792 2261 872 2321 titur

173 2346 302 2407 Talibus
317 2352 351 2407 et
364 2348 453 2407 fibris
470 2346 594 2406 numina
607 2346 710 2425 prisca
726 2341 797 2404 coli.

130 2430 183 2492 Sic
197 2429 289 2491 modo
304 2431 493 2511 qui‚'l'urcua
507 2430 629 2507 iuerat,
651 2447 734 2488 nnnc
749 2425 858 2489 Gallu·
870 2429 1040 2508 haruspex,

172 2516 252 2576 Dum
265 2515 384 2594 iugulas
398 2516 535 2593 hircum,
554 2514 655 2591 fuctus
671 2531 705 2572 es
720 2514 788 2592 ipae
804 2531 906 2594 caper.

515 2660 618 2724 XXV:

132 2777 167 2840 Si
180 2778 350 2859 temperari
363 2774 510 2837 balneum
524 2777 610 2855 cupia
624 2775 751 2835 fervens
759 2820 767 2853 ,
788 2800 791 2806 ·

130 2861 296 2940 Faustine,
319 2859 402 2940 quod
413 2862 463 2921 vix
477 2858 612 2921 lulianus
625 2860 775 2937 intraret,

129 2945 231 3028 Roga,
252 2943 392 3024 lavetur,
414 2946 576 3006 rhetorem
589 2943 782 3003 Sabinaeum.

129 3031 321 3093 Neronianas
334 3030 387 3090 hic
400 3029 570 3109 refrigerat
582 3028 732 3091 thermas.

514 3162 625 3225 XXVI.

129 3278 263 3342 Praedia
277 3279 361 3343 uolua
375 3281 472 3341 haber
487 3287 520 3342 et
535 3277 636 3357 solus,
659 3277 815 3355 Candide,
836 3295 993 3356 nummoa,

172 3364 277 3427 Aurea
290 3363 375 3427 eolus
388 3366 502 3444 habea,
524 3365 662 3425 murrina
677 3361 759 3422 solua
774 3361 886 3440 hebes,

85 3446 265 3591 ”Massica
280 3448 365 3512 solua
379 3452 475 3512 heber
490 3455 523 3510 et
538 3448 640 3533 Opimi
655 3446 797 3507 caecuba
811 3443 916 3592 ⁸⁰¹“33

122 3551 195 3596 arr.
