2370 3840
99 157 158 221 roo
419 156 817 240 m.vnu.manrmu1s

181 311 258 370 Tam
274 329 337 368 nou
351 307 455 368 invida
468 314 593 386 tamque
607 307 773 387 liberalis,

183 396 260 454 'lam
276 393 355 453 comi
368 397 456 472 patet
470 390 694 472 hospitalitate.

182 477 299 539 Credas
315 476 438 537 Alcinoi
452 478 520 555 pios
535 477 685 553 Penates,

138 564 242 627 sonui
256 563 331 621 facti
345 560 436 622 modo
454 559 556 620 divitis
571 559 739 621 Molorchi.

181 649 245 706 Vos
258 666 339 705 nunc
357 646 457 705 omnia
471 664 564 725 parva
580 647 633 723 qui
647 646 779 725 putatis,

154 766 158 775 ·
182 733 323 792 Centeno
337 729 474 808 gelidum
488 727 594 807 ligone
610 729 710 788 Tibur

181 814 243 878 Vel
257 816 427 875 Praeneste
443 813 565 873 domate
579 812 807 893 pendulamque

183 901 245 961 Uni
260 898 366 959 dedite
382 899 498 959 Setiam
514 896 638 958 colono:

139 984 259 1046 35Dum
274 1002 323 1043 me
337 982 440 1043 iudice
454 981 673 1063 praeferantur
691 985 759 1044 istis

181 1069 238 1129 luli
252 1071 359 1147 iugera
372 1087 469 1147 pauca
482 1066 648 1127 Martialis.

572 1200 665 1263 LXV.

182 1314 278 1374 Oculo
294 1312 452 1374 Philaenis
466 1297 589 1394 semper
605 1312 704 1373 altero
720 1312 833 1393 plorat.

184 1401 249 1475 Quo
264 1400 318 1458 fiat
332 1398 415 1459 istud
432 1400 580 1477 quaeritis
594 1396 709 1458 modo?
730 1395 816 1458 lusca
832 1401 889 1459 est.

564 1529 672 1594 LXVI.

181 1648 282 1726 Egisti
296 1647 389 1705 vitam
406 1664 546 1724 semper,
568 1645 665 1724 Line,
687 1644 921 1726 municipalem,

227 1730 293 1808 Qui
308 1728 388 1789 nihil
404 1731 526 1789 omnino
541 1729 632 1789 vilius
648 1748 717 1789 esse
732 1736 847 1809 potest.
951 1756 954 1762 ι

182 1815 286 1876 ldibus
302 1821 335 1874 et
348 1814 427 1874 raris
441 1813 546 1892 togula
563 1821 612 1874 est
626 1833 752 1874 excussa
767 1813 915 1874 Kalendis

225 1900 318 1960 Duxit
333 1904 366 1958 et
380 1905 514 1958 aestates
529 1900 685 1978 synthesis
699 1897 892 1961 unadecem.

162 1984 286 2046 5Saltus
302 2003 425 2065 aprum,
449 2003 571 2064 campus
587 1984 727 2064 leporem
742 1984 801 2043 tibi
816 1985 900 2044 misit
912 1984 1104 2063 inemptum,

226 2067 308 2130 Silva
323 2087 431 2147 graves
448 2068 557 2129 turdos
572 2069 725 2146 exagitata
740 2066 835 2129 dedit.

184 2155 299 2233 Captus
314 2154 459 2212 flumineo
473 2155 559 2213 venit
573 2151 612 2212 de
627 2155 748 2231 gurgite
761 2153 872 2233 piscis,

225 2239 305 2301 Vina
319 2239 415 2296 ruber
430 2236 513 2296 fudit
526 2258 588 2297 non
602 2238 770 2316 peregrina
785 2235 888 2300 cadus.
938 2291 942 2298 .

183 2323 247 2382 Nec
262 2328 354 2381 tener
369 2319 514 2398 Argolica
528 2323 638 2380 missus
654 2320 693 2380 de
709 2326 802 2398 gente
817 2321 978 2396 minister,

141 2417 175 2468 lo
224 2404 288 2464 Sed
302 2407 390 2464 stetit
404 2404 514 2463 inculti
528 2406 645 2464 rustica
657 2406 749 2465 turba
762 2405 841 2483 foci,

183 2488 284 2553 Vilica
297 2488 348 2548 vel
363 2487 434 2548 duri
450 2507 626 2568 compressa
640 2495 689 2548 est
702 2496 797 2568 nupta
813 2487 932 2566 coloni,
962 2555 967 2563 .

225 2571 514 2652 Incaluitquotiens
530 2573 631 2631 saucia
646 2591 724 2632 vena
738 2591 835 2633 mero.
874 2594 878 2598 ’

183 2656 248 2717 Nec
265 2659 371 2717 nocuit
384 2659 478 2716 tectis
492 2657 590 2734 ignis,
613 2675 671 2716 nec
688 2656 786 2717 Sirius
805 2658 902 2735 agris,

227 2742 292 2801 Nec
307 2761 408 2801 mersa
423 2748 472 2801 est
489 2739 619 2822 pelago,
640 2759 699 2800 nec
718 2742 788 2801 fluit
804 2741 867 2801 ulla
881 2741 967 2808 ratis.

143 2826 350 2906 1aSupp0sita
365 2833 414 2886 est
427 2824 541 2886 blando
557 2845 713 2905 nunquam
727 2826 786 2885 tibi
799 2831 922 2886 tessera
937 2823 1020 2901 talo,

224 2909 302 2970 Alea
320 2909 376 2970 sed
390 2929 501 2990 parcae
517 2909 583 2970 sola
596 2911 686 2970 fuere
700 2928 803 2970 nuces.

182 2995 256 3072 Dic,
277 2997 331 3055 ubi
347 2996 388 3055 sit
403 2993 546 3073 deciens,
567 3001 666 3055 mater
682 2993 764 3074 quod
779 3015 868 3056 avara
881 2992 1035 3072 reliquit?

224 3080 379 3158 Nusquam
395 3086 458 3139 est:
479 3079 582 3139 fecisti
596 3099 680 3156 rem,
701 3080 797 3159 Line,
820 3078 992 3140 difficilem.

560 3215 679 3277 LXVll.

183 3328 364 3387 Praetorem
379 3347 497 3408 pauper
512 3333 635 3387 centum
650 3327 797 3387 sestertia
812 3327 933 3388 Gaurus

226 3412 342 3472 Orabat
355 3432 428 3472 cana
444 3419 534 3472 notus
550 3412 698 3489 amicitia,
