2370 3840
101 206 164 270 238
426 205 471 264 M.
486 202 577 264 VAL.
591 199 817 263 MARTIALIS

585 404 662 466 XLI.

186 519 298 580 Mense
312 537 390 578 novo
406 516 470 578 lani
484 523 637 592 veterem,
659 512 839 591 Proculeio,
861 516 1006 577 marltum

230 603 355 662 Deseris
372 607 464 681 atque
479 602 566 661 iubes
580 618 632 658 res
647 599 705 658 sibi
719 599 836 659 habere
851 616 928 658 ruas.

187 685 278 762 Quid,
292 706 378 764 rogo,
394 685 467 764 quid
481 685 595 743 factum
610 683 681 742 est?
695 682 789 741 subiti
808 700 886 760 quae
901 701 991 760 causa
1003 681 1148 744 doloris?

228 769 280 829 Nil
295 771 369 829 mihi
384 766 579 848 respondes?
607 767 710 825 Dicam
727 784 799 844 ego,
820 771 948 845 praetor
965 773 1044 831 crat.

164 853 375 915 tconstatura
388 853 448 911 fuit
461 849 650 927 Megalensis
664 869 800 929 purpura
815 854 937 909 centurn

229 935 374 1014 Milibus,
397 941 431 994 nt
443 935 568 993 nimium
582 951 709 991 munera
724 952 816 1011 parca
831 932 936 1010 dores,

185 1021 228 1080 Et
242 1019 392 1099 populare
405 1036 524 1077 sacrum
538 1018 587 1076 bis
601 1014 686 1075 milia
702 1013 780 1075 dena
794 1015 927 1076 tulisset.
939 1095 940 1098 Ἴ

228 1101 396 1162 Discidium
411 1119 472 1159 non
489 1107 537 1159 est
551 1101 627 1178 hoc,
647 1099 826 1160 Proculeio:
845 1099 965 1160 lucrum
979 1108 1038 1163 est.

581 1234 670 1294 XLII.

188 1347 266 1407 Tam
281 1346 373 1407 dubia
387 1354 437 1408 est
449 1346 560 1425 lanugo
574 1347 649 1421 till,
669 1352 730 1405 tarn
745 1343 863 1426 mollis,
884 1343 1018 1406 utillum

229 1429 351 1490 Halitus
364 1438 397 1491 et
411 1431 494 1492 soles
510 1438 542 1491 et
555 1429 632 1492 levis
648 1450 720 1491 aura
731 1436 825 1488 terat.

188 1513 337 1574 Celantur
353 1514 445 1574 simili
458 1520 587 1573 ventura
602 1513 741 1593 Cydonia
754 1513 839 1591 lana,

229 1595 349 1656 Pollice
362 1598 500 1675 virgineo
515 1616 593 1676 quae
608 1595 739 1677 spoliata
750 1599 862 1658 nitent.

167 1680 314 1741 tFortins
329 1682 472 1760 impressi
488 1682 630 1759 quotiens
646 1682 704 1741 tihi
717 1682 802 1741 basia
818 1681 970 1761 quinque,

230 1764 380 1822 Barbatus
391 1762 504 1841 labris,
519 1762 690 1844 Dindyme‚
711 1765 752 1823 lio
767 1766 837 1825 tuis.

573 1897 677 1960 XLIII.

189 2011 325 2091 Septima
342 2012 416 2089 iam,
439 2012 582 2072 Phileros
588 2056 598 2096 7
620 2014 678 2073 tibi
694 2011 838 2073 conditur
851 2029 928 2071 uxor
941 2011 973 2070 in
988 2029 1073 2091 agro.

230 2095 303 2155 Plus
318 2093 413 2173 nulli,
435 2095 594 2175 Phileros,
614 2116 703 2175 quam
717 2097 791 2174 tibi,
812 2093 918 2155 reddIt
932 2113 1014 2174 ager.

568 2229 675 2293 XLIV.

189 2340 302 2415 Quinte
317 2339 502 2416 Caledonios
520 2341 610 2402 Ovidi
623 2342 725 2400 visure
740 2342 904 2400 Britannos

228 2425 270 2483 Et
282 2423 413 2485 viridem
430 2425 555 2504 Tethyn
571 2426 787 2505 Oceanumque
800 2430 935 2504 patrem,

185 2506 269 2585 Ergo
284 2508 400 2568 Numae
415 2508 511 2569 colles
526 2514 559 2567 et
572 2508 762 2568 Nomentana
777 2507 936 2585 relinques

230 2590 315 2668 Otia,
336 2610 395 2653 nec
413 2594 530 2652 retinet
545 2610 659 2671 rusque
673 2592 821 2672 focusque
837 2591 966 2653 senem?
1050 2654 1054 2663 ,

166 2671 308 2733 oGaudia
322 2680 356 2733 tu
372 2675 496 2754 differs,
517 2681 623 2735 utnon
637 2682 670 2734 et
684 2676 813 2735 stamina
830 2675 938 2736 did'ert
1004 2679 1006 2682 ’

229 2756 381 2837 Atropos,
405 2767 497 2839 atque
512 2760 610 2819 omnis
625 2761 770 2820 scribitur
784 2761 860 2820 hora
875 2761 943 2822 tihi.

186 2838 387 2901 Praestiteris
401 2864 472 2904 caro
489 2879 530 2890 -
546 2845 613 2922 quis
627 2863 688 2903 non
703 2845 763 2904 hoc
777 2843 905 2904 laudet?
918 2877 961 2888 --
976 2845 1091 2925 amico,

229 2924 274 2984 Ut
287 2926 391 3003 potior
404 2929 465 2986 rita
480 2930 521 2987 sit
534 2929 592 2987 tihi
607 2934 711 2988 saneta
724 2927 821 3003 iides;

188 3004 250 3068 Sed
264 3005 397 3067 reddare
411 3012 471 3068 tuis
486 3011 610 3071 tandem
625 3031 767 3071 mansure
781 3012 901 3073 Sabinis

146 3103 180 3156 10
229 3092 339 3172 Teque
357 3098 424 3151 tuas
439 3112 583 3156 numeres
598 3097 681 3156 inter
694 3097 851 3159 amicitias.

579 3228 672 3294 XLV.

186 3335 220 3397 Si
237 3337 312 3417 quid
324 3335 399 3400 lene
412 3338 474 3398 mei
490 3337 597 3399 dicunt
614 3346 647 3400 et
661 3339 751 3401 dulce
764 3340 882 3419 libelli,

220 3421 262 3483 Si
273 3421 351 3504 quid
364 3423 574 3488 Ironorilicum
587 3425 700 3508 pagina
713 3423 828 3486 blanda
843 3431 952 3501 sonat,
