2370 3840
318 188 657 251 EPIGRAMMATON
671 189 745 252 Lln.
762 189 812 252 tx.
1026 187 1088 254 201

135 341 248 400 Dicunt
264 341 412 401 Eiarinon
428 347 529 399 tamen
544 347 670 419 poetae,

136 424 198 484 Sed
213 425 343 502 Graeci,
365 424 473 503 quibus
490 429 538 483 est
552 422 631 483 nihil
645 429 786 502 negatum

94 509 173 572 ltEt
189 494 366 587 quos'Aoeg
386 501 480 584 ’Ἆρες
495 506 588 566 decet
600 525 722 567 sonare.

134 592 230 651 Nobis
244 588 397 650 nonlicet
412 608 480 650 esse
496 595 558 649 tam
573 589 716 668 disertis,

134 675 193 750 Qui
208 674 312 735 Musas
328 672 456 734 colimus
471 674 654 736 severiores.

536 806 601 867 ΧΗ.

134 905 168 964 Si
183 903 272 965 daret
287 911 466 965 auctumnus
481 904 557 963 mihi
572 922 700 980 nomen,
723 901 878 983 Oporinos
893 919 1011 962 essenus

176 987 313 1048 Horrida
329 989 356 1047 si
370 988 496 1048 brumae
513 986 633 1065 sidera,
656 986 860 1047 chimerinos.

134 1072 242 1132 Dictus
259 1073 295 1131 ab
312 1073 428 1131 aestivo
444 1071 601 1131 Therinos
615 1072 673 1131 tibi
687 1087 794 1130 mense
808 1087 951 1129 vocarer:

177 1155 332 1234 Tempora
347 1156 396 1215 cui
409 1174 521 1215 nomeu
537 1173 631 1215 verua
647 1152 780 1232 dedere,
802 1152 870 1232 quis
885 1153 955 1212 est?

535 1286 613 1350 XllL

133 1368 253 1444 Nomen
266 1386 362 1447 habes
379 1386 481 1444 teneri
497 1384 579 1464 quod
596 1390 737 1462 tempora
749 1387 905 1460 nuncupat
920 1381 1007 1460 anni,

177 1469 255 1528 Cum
269 1470 365 1528 breve
382 1468 553 1548 Cecropiae
568 1485 623 1526 ver
637 1463 825 1546 populantur
843 1482 933 1544 apcs;

132 1551 252 1611 Nomen
267 1550 407 1612 Acidalia
420 1552 534 1611 meruit
550 1549 632 1629 quod
647 1548 796 1609 arundine
813 1548 917 1630 pingi,

176 1635 265 1711 Quod
280 1636 438 1715 Cytherea
452 1655 506 1695 sua
523 1635 662 1694 scribere
677 1632 791 1712 gaudet
806 1651 879 1706 acu3

110 1718 252 1779 5Nomen
265 1720 449 1799 Erythraeis
464 1717 547 1799 quod
560 1716 668 1778 littera
684 1717 766 1778 facta
779 1714 911 1796 lapillis,

175 1802 302 1863 Gemma
318 1802 401 1882 quod
416 1801 579 1862 Heliadum
593 1800 709 1882 pollice
724 1801 799 1861 trita
814 1804 919 1872 notet3

133 1886 222 1961 Quod
236 1888 330 1966 pinna
344 1888 502 1947 scribente
517 1904 610 1963 grues
625 1884 663 1944 ad
678 1884 782 1944 sidera
799 1881 929 1955 tollant;

176 1969 266 2044 Quod
282 1969 374 2029 decet
387 1971 420 2028 iu
435 1967 502 2028 sola
520 1969 662 2028 Caesaris
677 1986 746 2028 esse
762 1967 861 2028 domo.

531 2101 612 2162 XIV.

133 2200 242 2276 Hunc,
265 2217 356 2278 quem
371 2217 477 2259 mensa
491 2198 564 2276 tibi,
588 2216 678 2276 quem
698 2216 775 2257 cena
788 2196 907 2277 paravit
921 2196 1049 2255 amicum

174 2283 252 2343 Esse
266 2289 356 2362 putas
370 2282 450 2341 lidae
466 2287 574 2362 pectus
590 2281 765 2341 amicitiae?

131 2367 249 2446 Aprum
265 2373 344 2426 amat
359 2373 392 2426 et
406 2364 518 2425 mullos
534 2372 567 2426 ct
580 2383 688 2425 sumen
703 2371 737 2425 et
751 2369 870 2441 ostrea,
893 2381 955 2422 uon
967 2369 1009 2422 te.

177 2450 254 2511 Tam
270 2453 350 2510 bene
366 2452 392 2510 si
409 2467 533 2527 cenem,
556 2456 663 2509 noster
679 2449 792 2508 amicus
808 2448 880 2522 erit

533 2583 601 2645 XV.

130 2683 292 2762 inscripsit
304 2683 430 2744 tumulis
444 2690 564 2764 septem
578 2681 731 2743 scelerata
744 2680 878 2739 virorum

174 2765 238 2843 „Se
252 2766 389 2828 fecisse“
404 2766 513 2828 Chloe.
544 2765 625 2842 Quid
638 2773 713 2846 pote
728 2759 920 2843 simplicius?

530 2899 611 2961 xvi.

134 2995 304 3057 Consilium
319 2996 453 3075 formae,
474 2993 649 3077 speculum,
668 2992 837 3073 dulcesque
850 2989 980 3073 capillos

173 3080 343 3158 Pergameo
358 3081 462 3160 posuit
475 3081 555 3140 dona
569 3085 687 3139 sacrato
702 3078 760 3138 deo

132 3161 190 3225 ilie
204 3182 284 3243 puer
297 3168 364 3224 tota
380 3163 503 3224 domino
519 3164 709 3242 gratisssirnu
724 3160 809 3239 auls,

176 3248 307 3308 Nomine
323 3249 375 3327 tyni
388 3249 489 3326 signat
502 3252 643 3328 tempora
656 3265 750 3307 verna
765 3265 829 3306 sno.

105 3329 236 3409 cloelia,
259 3351 337 3411 qnae
351 3331 406 3392 tali
422 3339 567 3392 censetur
582 3349 709 3391 munere
724 3327 830 3389 telluri

173 3413 239 3474 Nec
254 3414 467 3495 Ganymedeas
482 3414 590 3477 mallet
606 3415 722 3474 habere
738 3429 849 3471 comas.
