2370 3840
452 189 497 251 bt
512 188 604 250 VAL.
620 187 845 250 MARTIALIS

612 390 688 453 Vlll.

215 502 375 581 Tanquam
389 522 482 582 parva
492 489 582 562 foret
598 521 688 562 sexus
702 502 815 561 iniuria
828 501 927 561 nostri

255 585 441 647 Foedandos
455 586 569 666 populo
583 587 782 666 prostituisse
796 603 915 661 mares,

215 670 276 730 lam
292 688 387 730 cunae
403 667 526 730 lenonis
540 676 645 746 erant,
666 675 701 728 ut
715 671 751 729 ab
766 669 863 755 ubere
879 674 989 755 raptus

258 752 390 814 Sordida
404 754 508 830 uagitu
523 759 669 833 posceret
684 772 756 813 aera
771 770 857 831 puer.

195 838 379 900 tlmmatura
392 836 506 896 dabant
519 835 659 896 infandas
675 854 806 917 corpora
819 852 944 914 poenas.

255 921 323 981 Non
338 919 411 979 tulit
426 919 579 979 Ausonius
592 917 665 978 talia
679 926 817 979 monstra
830 924 937 997 pater,

213 1005 299 1065 ldem
315 1004 369 1081 qui
383 1003 502 1062 teneris
516 1022 616 1083 nuper
630 1004 783 1062 succurrit
797 1002 942 1081 ephebis,

255 1087 303 1147 Ne
316 1086 436 1145 faceret
452 1085 578 1146 steriles
594 1105 682 1146 saeva
694 1085 792 1146 libido
808 1087 899 1146 viros.

215 1171 361 1231 Dilexere
376 1171 463 1249 prius
477 1172 567 1250 pueri
581 1172 770 1249 iuvenesque
785 1185 954 1245 senesque,

174 1266 208 1318 10
257 1255 299 1315 At
313 1273 394 1314 nunc
408 1254 543 1315 infantes
556 1261 589 1314 te
603 1263 744 1334 quoqne,
766 1253 897 1329 Caesar,
919 1255 1028 1310 amant.

622 1389 673 1448 ΙΧ.

215 1499 266 1561 Nil
280 1501 338 1559 tibi
351 1498 466 1578 legavit
479 1500 610 1576 Fabius,
631 1499 813 1577 Bithynice,
836 1497 886 1555 cui
899 1502 934 1555 tu
965 1498 968 1504 '

256 1583 381 1658 Annua,
403 1584 429 1641 si
445 1584 585 1660 memini,
606 1581 691 1641 milia
705 1600 778 1641 sena
793 1579 894 1639 dabas.

215 1663 290 1725 Plus
304 1664 382 1725 nulli
396 1664 484 1725 dedit
497 1663 569 1724 ille:
592 1667 696 1745 queri,
715 1665 897 1744 Bithynice,
916 1659 998 1722 nolit

257 1750 365 1808 Annua
378 1747 493 1826 legavit
507 1746 591 1807 milia
607 1767 681 1808 sena
694 1749 760 1808 tibi.

632 1881 669 1942 X.

218 1996 334 2074 (lenes,
357 1996 528 2075 Canthare,
551 2017 618 2057 cum
632 1999 709 2057 foris
723 1995 877 2074 libenter,

217 2079 335 2140 Clamas
350 2087 383 2140 et
397 2078 554 2141 maledicis
571 2088 603 2141 et
617 2082 751 2141 minaris.

215 2164 358 2245 Deponas
375 2165 489 2224 animos
505 2171 626 2244 truces,
647 2183 819 2224 monemus:

215 2247 310 2308 Liber
325 2267 387 2307 non
402 2255 492 2327 potes
510 2255 542 2309 et
555 2247 680 2328 gulosus
695 2267 773 2310 esse.

627 2382 678 2444 Xl.

214 2495 333 2555 Nomen
348 2516 415 2556 cnm
430 2495 518 2557 violis
533 2498 675 2576 rosisque
690 2504 810 2575 natum,

217 2577 283 2652 Quo
297 2599 369 2658 para
388 2582 503 2660 optima
516 2582 690 2639 nominatur
704 2583 792 2659 anni,

215 2660 348 2739 Hyblam
365 2663 446 2740 quod
461 2664 541 2744 sapit
554 2665 736 2743 Atticosque
751 2666 867 2743 flores,

216 2743 307 2819 Quod
320 2745 409 2805 nidos
425 2747 489 2808 olet
504 2747 584 2807 alitis
599 2751 768 2827 superbae;

193 2827 339 2888 5Nomen
352 2835 478 2891 nectare
496 2830 615 2891 dulcius
632 2834 739 2909 beato,

217 2912 283 2987 Quo
300 2911 403 2972 mallet
419 2913 552 2993 Cybeles
569 2933 647 2994 puer
663 2915 765 2974 vocari

216 2995 258 3053 Et
273 2995 325 3073 qui
338 2994 449 3074 pocula
462 3003 616 3077 temperat
630 2997 781 3059 Tonanti:

215 3077 304 3154 Quod
321 3079 347 3138 si
359 3077 523 3139 Parrhasia
536 3100 627 3141 sones
642 3082 675 3140 in
691 3081 773 3158 aula,

215 3161 418 3243 Respondent
432 3162 572 3223 Veneres
590 3165 840 3244 cupidinesqne3

173 3246 334 3308 10Nomen
349 3245 471 3325 nobile,
493 3245 605 3322 molle,
629 3247 792 3309 delicatum

215 3330 319 3393 Versu
334 3330 440 3391 dicere
456 3351 517 3391 uon
533 3330 603 3389 rudi
617 3331 771 3392 volebam:

218 3413 281 3474 Sed
295 3421 329 3474 tu
344 3414 463 3497 syllaba
478 3421 639 3476 contumax
653 3433 815 3494 repugnas.
