2370 3840
106 185 171 249 256
434 187 477 247 M.
494 186 585 248 VAL.
602 185 827 246 MARTIALIS

605 386 652 447 ΙΙΙ.

190 500 260 560 Νοιι
276 501 391 559 urbana
405 517 472 558 mea
487 506 605 558 tantum
619 497 794 579 Pimpleide
810 498 944 578 gaudent

236 584 323 661 Otia,
345 602 404 643 nec
419 584 521 642 vacuis
536 584 660 642 auribus
673 585 735 642 ista
750 581 871 661 damus,

196 667 260 727 Sed
274 686 360 727 meur
375 669 407 725 in
424 667 543 726 Geticis
559 666 597 725 ad
612 667 726 727 Martia
741 669 827 745 rigna
845 668 965 746 pruinis

236 751 377 829 Arigido
394 751 509 809 teritur
522 751 704 811 centurione
720 749 818 829 liber,

171 836 316 898 5Dicitur
332 842 365 894 et
379 841 502 896 nostros
520 840 644 893 cantare
658 836 817 894 Britannia
832 853 947 893 versun.

237 918 319 995 Quid
333 916 485 998 prodest?
513 916 620 976 Nescit
634 917 771 978 sacculus
787 919 846 978 ista
860 937 955 978 meus.

192 1004 235 1062 At
251 1022 338 1080 quam
354 1002 488 1060 victuras
502 1007 678 1079 poteramus
694 1021 830 1081 pangere
846 1002 966 1062 chartas

237 1085 417 1163 Quantaque
432 1084 536 1143 Pieria
549 1084 668 1163 praelia
682 1086 757 1145 flare
773 1088 864 1162 tuba,

193 1170 272 1229 Cum
287 1170 337 1249 pia
351 1167 547 1227 reddiderint
559 1169 729 1246 Augustum
742 1171 865 1230 numina
880 1168 990 1246 terris,

151 1265 185 1315 10
233 1253 274 1312 Et
287 1253 504 1313 Maecenatem
517 1252 542 1310 ri
558 1253 632 1330 tibi,
652 1253 765 1330 Roma,
787 1252 912 1312 darent!

607 1386 659 1451 IV.

198 1499 292 1559 Sacra
306 1496 452 1575 laresque
465 1497 636 1575 Phrygum,
660 1516 735 1575 quos
751 1496 866 1558 'l'roiae
881 1496 989 1557 maluit
1003 1498 1100 1559 heres

235 1583 330 1656 Quam
345 1598 457 1660 rapere
473 1600 593 1639 arsuras
608 1578 827 1640 Laomedontis
842 1600 935 1662 opes,

194 1666 334 1745 Scriptus
350 1670 382 1722 et
396 1669 523 1723 aeterno
539 1683 619 1723 nunc
632 1666 764 1744 primum
778 1664 917 1746 Iuppiter
935 1685 1008 1725 auro

235 1748 276 1807 Et
291 1766 380 1807 soror
394 1753 427 1805 et
440 1748 547 1806 summi
562 1746 625 1806 filia
639 1753 704 1806 tota
717 1749 831 1827 patris,

171 1832 238 1894 alit
252 1832 303 1911 qui
318 1831 481 1911 purpureis
495 1831 553 1889 iam
568 1831 662 1890 tertia
675 1834 797 1890 nomina
815 1832 919 1911 fastis,

236 1916 326 1993 iane,
347 1914 449 1974 refers
463 1914 599 1990 Nervae3
619 1934 673 1974 uos
687 1934 800 1996 precor
815 1936 869 1976 ore
883 1918 952 1996 pio:

192 2001 284 2061 Hunc
299 2017 405 2059 omnes
420 2005 541 2058 servate
556 1998 680 2077 ducem,
701 2006 822 2060 servate
838 2007 992 2074 senatum

238 2085 378 2144 Moribus
393 2084 444 2142 hic
459 2085 539 2143 vivat
554 2084 719 2164 principis,
741 2082 797 2142 illc
812 2086 884 2148 suis.

610 2219 647 2279 V.

192 2330 292 2390 Tanta
309 2331 366 2388 tibi
384 2335 432 2389 cst
446 2332 524 2390 recti
540 2332 732 2408 reverentia,
754 2332 884 2409 Caesar,
905 2338 939 2391 ct
954 2332 1066 2410 aequi,

236 2414 354 2488 Quanta
370 2414 485 2473 Numae
501 2415 617 2474 iuerat:
640 2413 697 2475 sed
709 2415 806 2474 Numa
819 2433 937 2496 pauper
952 2423 1029 2477 erat.

191 2497 297 2556 Ardua
312 2515 364 2556 res
378 2498 454 2556 baec
469 2505 534 2575 est,
556 2499 664 2578 opibus
678 2518 739 2558 non
754 2498 880 2559 tradere
894 2517 996 2558 mores

234 2583 275 2640 Et
290 2601 357 2639 cum
372 2586 420 2639 tot
434 2582 567 2640 Croesos
582 2582 708 2660 viceris,
732 2601 800 2642 esse
815 2582 950 2644 Numam.

171 2663 229 2727 bSi
244 2664 374 2723 redeant
387 2670 527 2740 veteres,
548 2665 684 2741 ingentia
700 2667 838 2745 nomina,
859 2673 983 2746 patres,

235 2745 373 2826 Elysium
390 2746 486 2808 liceat
500 2750 526 2807 si
540 2767 668 2808 vacuare
683 2767 804 2809 nemus:

194 2830 242 2890 Tc
258 2829 342 2890 colet
354 2832 484 2892 invictus
499 2851 555 2912 pro
572 2830 717 2892 libertate
735 2831 898 2911 Camillps,

236 2915 353 2972 Aurum
367 2913 546 2993 Fabricius,
568 2922 600 2976 te
615 2917 792 2995 tribuente,
813 2917 912 2992 volet3

195 2997 243 3056 Tc
260 2995 338 3054 duce
354 2996 498 3073 gaudebit
512 3000 641 3078 Brutus,
659 3003 716 3061 tibi
732 3000 817 3061 Sulla
831 3006 977 3062 cruentus

151 3092 185 3144 10
233 3080 397 3160 Imperium
412 3081 532 3160 tradet,
555 3104 622 3143 cum
638 3086 794 3164 positurus
810 3087 887 3162 erit;

191 3166 233 3227 Et
246 3171 279 3225 te
292 3164 412 3245 privato
428 3184 494 3224 cum
510 3168 642 3227 Caesare
658 3170 788 3248 Magnus
803 3171 931 3248 amabit,

234 3249 368 3309 Donabit
382 3253 462 3308 totas
477 3256 510 3310 et
524 3251 580 3310 tibi
595 3252 724 3313 Crassus
741 3271 824 3333 opes,

194 3335 264 3413 ipse
282 3350 405 3413 quoque
421 3332 552 3393 infernis
568 3342 728 3396 revocatus
743 3338 823 3399 Ditis
839 3338 875 3398 ab
893 3338 1010 3399 umbris

226 3418 265 3477 Si
279 3418 356 3480 Cato
372 3414 540 3500 reddatur,
562 3418 764 3481 Caesarianus
779 3421 852 3480 erit
