2370 3840
333 165 672 229 EPIGRAMMATON
685 167 758 229 LIB.
774 168 825 230 Vl.
1042 168 1104 234 135

190 322 232 382 nt
248 338 325 401 quae
342 319 494 399 Cecropio
512 324 616 378 monte
631 326 779 398 vagantur
794 341 884 403 apes,

128 408 297 487 aquaeque
313 410 423 464 sonant
438 400 532 484 pleno
547 421 701 483 vocesque
716 424 884 487 manusque
900 408 1040 487 theatro,

192 490 268 551 (lum
282 488 412 569 populus
428 488 522 547 subiti
538 486 680 547 Caesaris
695 508 748 548 ora
762 487 854 551 videt.

148 572 226 633 Nolo
244 578 319 655 quot
333 577 440 650 arguto
459 569 547 630 dedit
561 576 687 631 exorata
702 570 825 633 Catullo

191 658 316 721 Lesbia:
336 675 432 736 pauca
446 656 548 735 cupit,
572 655 624 735 qui
638 673 802 718 numerare
816 663 929 738 potest.

520 822 646 886 XXXV.

149 952 275 1033 Septem
292 949 471 1032 clepsydras
487 971 595 1032 magna
608 953 666 1012 tibi
680 971 756 1013 voce
770 955 892 1033 petenti

191 1038 318 1097 Arbiter
333 1037 462 1115 invttus,
485 1036 680 1116 caeciliane,
703 1036 798 1098 dedit.

148 1122 190 1181 nt
205 1127 237 1180 tu
252 1119 349 1180 multa
363 1119 415 1180 diu
430 1120 516 1181 ducis
531 1121 701 1201 vitreisque
717 1127 877 1202 tepentem

191 1204 340 1284 Ampullis
355 1209 444 1284 potas
459 1205 662 1284 semisupinus
678 1225 794 1284 aquam.

124 1287 191 1350 5Ut
206 1288 328 1349 tandem
343 1290 436 1349 saties
450 1306 619 1369 vocemque
635 1290 779 1368 sitimque
794 1308 951 1371 rogamus,

189 1372 250 1434 lam
266 1373 305 1435 de
320 1370 499 1453 clepsydra,
522 1370 713 1451 caeciliane,
737 1374 832 1434 bibas.

513 1539 650 1602 XXXVI.

150 1673 292 1739 Mentula
307 1682 369 1736 tam
386 1694 494 1754 magna
508 1680 573 1754 est,
589 1678 719 1754 quantus
736 1674 809 1752 tibi,
830 1671 952 1757 PapiIe,
975 1694 1082 1755 nasus,

190 1762 234 1823 Ut
249 1762 366 1842 possis,
390 1760 533 1839 quotIena
550 1760 678 1838 arrigis,
701 1757 848 1820 olfacere.

503 1926 654 1989 XXXVII.

146 2043 232 2103 Secti
247 2040 367 2121 podicis
382 2058 478 2117 usque
494 2038 532 2099 ad
546 2037 724 2099 umhIlicum
782 2063 789 2076 ·

145 2124 251 2186 Nullas
266 2122 425 2201 relliquias
440 2123 535 2182 habet
551 2122 720 2199 Charinus,

144 2211 186 2270 Et
200 2209 302 2289 prurit
316 2213 418 2267 tamen
432 2225 529 2284 usque
545 2205 584 2264 ad
597 2205 781 2265 umbilicum.

147 2293 173 2354 0
189 2298 302 2374 quanta
317 2292 421 2352 scabie
436 2291 530 2351 miser
544 2285 682 2349 laborat!

123 2377 257 2440 oculum
271 2376 457 2453 nonhabet,
480 2379 529 2434 est
546 2379 648 2433 tamen
665 2370 818 2433 cinaedus.

500 2542 664 2605 XXXVIII.

146 2659 283 2738 Aspicis,
305 2663 339 2718 ut
351 2678 479 2739 parvus,
500 2678 559 2719 nec
575 2658 673 2718 adhuc
688 2654 853 2717 trieteride
868 2654 963 2737 plena

186 2739 323 2820 Regulus
339 2743 474 2803 auditum
488 2739 596 2803 laudet
611 2743 726 2822 etipse
741 2741 886 2821 patrem?

144 2826 367 2905 Maternosque
382 2828 466 2886 sinus
480 2828 544 2887 viso
559 2828 701 2905 genitore
715 2823 872 2906 relinquat

186 2911 228 2970 Et
242 2909 357 2989 patrias
372 2907 480 2971 laudes
493 2912 608 2970 sentIat
621 2929 691 2970 esse
706 2909 799 2970 suast

123 2995 208 3056 olam
224 2993 339 3054 clamor
354 3000 537 3073 centumque
552 2995 610 3054 viri
626 2993 816 3073 densumque
831 3011 944 3053 corona

104 3101 109 3111 ⁴
188 3077 305 3156 Volgus
320 3083 353 3136 et
366 3078 478 3137 infanti
492 3075 568 3137 Iulia
582 3083 666 3139 tecta
679 3077 813 3158 placent.

147 3164 235 3222 Acria
250 3162 323 3241 equi
338 3160 462 3221 suboles
477 3180 585 3239 magno
602 3162 646 3221 sic
660 3161 790 3241 pulvere
806 3159 937 3239 gaudet,

187 3246 239 3305 Sic
252 3243 366 3305 vitulus
382 3243 468 3305 molli
482 3244 600 3326 praelia
614 3246 718 3306 fronte
735 3247 828 3326 cupit.

146 3330 202 3408 ni,
224 3335 359 3407 servate,
381 3347 512 3409 precor,
534 3330 624 3389 matri
640 3348 693 3389 sua
707 3337 777 3390 vota
791 3328 951 3409 patrique,

107 3423 140 3476 10
188 3413 301 3475 Audiat-
315 3420 350 3474 ut
364 3421 467 3473 natum
480 3411 633 3492 Regulus,
656 3411 712 3472 illa
726 3412 812 3476 duos.
