2370 3840
143 206 204 271 164
467 205 511 264 M.
524 205 615 266 VAL.
629 200 853 266 MARTIALlS

203 360 268 419 aut
282 355 372 416 Gallo
388 357 535 435 Titioque
550 357 738 434 Caesioque,

224 441 341 519 Linges
356 454 418 499 non
433 441 581 519 mihi,-
539 459 665 499 —nam
678 440 776 521 proba
792 443 824 498 et
839 434 952 518 pusilla
968 443 1032 517 est,
1048 474 1091 484 —

225 522 289 583 Sed
305 542 383 603 quae
398 523 437 584 de
453 522 586 604 Solymis
600 524 686 584 venit
700 522 836 602 perustis

223 607 401 668 Damnatam
414 608 503 669 modo
519 607 685 667 mentulam
698 607 833 673 tributis.

621 754 698 816 LVI.

222 869 316 928 Astra
329 865 494 946 polumque
511 867 562 945 pia
575 867 733 944 percepsti
749 870 869 942 mente,
892 866 1014 945 Rabiri,

266 950 461 1010 Parrhasiam
472 951 549 1009 mira
565 950 616 1027 qni
632 949 725 1008 struis
741 955 808 1009 arte
825 948 955 1014 domum.

225 1033 373 1093 Phidiaco
389 1035 415 1093 si
431 1033 524 1112 digna
536 1033 598 1093 lovi
616 1031 691 1091 dare
705 1030 822 1111 templa
835 1034 972 1112 parabit,

265 1117 330 1177 Has
343 1123 433 1198 petet
446 1138 464 1176 a
477 1121 585 1176 nostro
600 1115 672 1174 Pisa
687 1115 829 1174 Tonante
844 1136 958 1178 manus.

612 1263 703 1326 LVll.

225 1360 354 1440 Castora
369 1377 409 1438 de
423 1375 551 1438 Polluce
566 1377 697 1438 Gabinia
710 1376 786 1436 fecit
800 1375 959 1438 Achillan:

265 1461 457 1540 Pyxagathos
472 1461 591 1540 fuerat,
612 1481 693 1520 nunc
709 1462 771 1521 erit
782 1461 1002 1542 Hippodamus.

609 1623 714 1686 LVlll.

225 1737 287 1797 lam
304 1754 358 1796 sex
375 1741 427 1796 ant
440 1743 562 1816 septem
575 1738 722 1816 nupsisti,
747 1734 854 1815 Galla,
875 1737 1028 1819 cinaedis,

268 1820 348 1878 Dum
363 1839 449 1880 coma
462 1827 495 1881 te
508 1821 634 1880 nimiam
648 1839 786 1900 pexaque
800 1822 895 1880 barba
909 1823 1001 1885 iuvat.

225 1903 346 1963 Deinde
362 1910 489 1984 experta
502 1903 584 1966 latus
596 1902 780 1982 madidoque
794 1902 950 1966 simillima
962 1904 1032 1967 loro

267 1987 393 2066 Inguina
407 2007 465 2048 nec
478 1987 558 2050 lassa
572 1995 654 2049 stare
670 1993 774 2049 coacta
788 2007 894 2068 manu,

203 2072 352 2133 §Deseris
365 2071 509 2133 imbelles
524 2071 673 2134 thalamos
688 2032 894 2153 mollemque
888 2076 979 2134 marii
980 2095 1029 2133 um

267 2157 384 2216 Rursus
400 2158 456 2217 et
446 2176 479 2216 rn
493 2156 610 2218 similes
626 2157 745 2218 decidis
759 2175 856 2236 nsque
871 2163 967 2222 toros

226 2241 348 2316 Quaere
363 2238 497 2320 aliquem
512 2242 624 2302 curios
638 2259 761 2321 semper
775 2241 950 2319 Fabiosque
966 2240 1161 2322 loquentem,

268 2324 428 2384 Hirsutum
445 2331 478 2397 et
492 2324 569 2385 dura
583 2323 756 2384 rusticitate
771 2329 900 2387 trucem.

225 2407 381 2468 Invenies:
404 2407 460 2468 sed
473 2408 568 2467 habet
584 2408 681 2466 tristis
697 2425 819 2485 quoqne
834 2408 926 2466 turba
941 2406 1101 2471 cinaedos:

186 2498 220 2550 lo
266 2490 403 2551 Difficile
419 2497 467 2551 est
481 2509 555 2551 vero
570 2491 705 2566 nabere,
729 2486 834 2566 Galla,
856 2490 931 2550 viro.

619 2636 697 2697 LIX.

223 2747 294 2811 Non
309 2757 400 2811 cenat
413 2752 480 2811 sine
495 2770 569 2832 apro
585 2755 708 2828 noster,
730 2750 821 2828 Tite,
843 2746 1047 2814 caecilianus.

267 2830 391 2895 Bellum
405 2836 560 2897 convivam
575 2832 767 2895 Caecilianus
781 2834 883 2896 habet

626 2983 690 3044 Lx.

226 3094 381 3176 Tarpeiae
396 3093 571 3154 venerande
585 3101 691 3156 rector
705 3092 808 3174 aulae,

225 3181 323 3255 Quem
339 3176 423 3240 salvo
439 3176 517 3236 dnae
532 3178 685 3239 credimus
701 3179 890 3255 Tonantem,
984 3221 986 3224 -

225 3264 303 3323 Cam
316 3264 394 3324 votis
413 3261 472 3323 sibi
488 3261 617 3340 quisque
632 3267 664 3322 te
677 3262 788 3340 fatiget

223 3347 266 3408 nt
279 3353 387 3427 poscat
402 3346 494 3425 dare,
517 3363 594 3424 qaae
610 3342 661 3404 dei
676 3345 873 3426 potestis·

204 3430 279 3494 bNil
291 3452 349 3513 pro
364 3451 413 3493 me
428 3431 503 3492 mihi
511 3427 696 3511 ,luppiter,
717 3427 838 3510 petenti
