2370 3840
157 172 197 236 14
478 175 522 236 Μ.
539 175 630 239 VAL.
646 176 872 238 MARTIALIS

655 376 706 436 Xl.

239 489 316 548 Cum
331 485 402 547 data
416 489 479 547 sint
493 488 591 567 equiti
604 489 652 548 bis
668 489 761 567 quina
773 490 969 570 nomismata,
992 512 1088 573 quare

280 572 333 632 Bis
348 569 474 633 deciens
489 572 590 650 solus,
613 570 798 651 Sextiliane,
816 574 920 634 bibis?

237 655 299 716 lam
316 653 485 717 defecisset
500 663 661 738 portantes
677 655 763 717 ealda
777 658 951 735 ministros,

280 740 313 800 Si
327 759 388 800 non
403 746 545 822 potares,
568 739 753 820 Sextiliane,
776 761 902 803 merum.

216 937 224 951 s.
302 924 305 930 ·
642 887 707 952 ΧΠ.

148 956 212 1051 s
238 1001 304 1061 itur
320 1000 358 1062 ad
372 1000 545 1062 Herculeas
560 1000 657 1080 gelidi
674 1021 733 1082 qua
749 1002 876 1064 Tiburis
892 1022 979 1064 arces

283 1085 429 1166 (lanaque
444 1084 622 1166 sulphureis
638 1085 753 1146 Albula
765 1087 863 1148 fumat
877 1089 980 1168 aquis,

235 1169 320 1230 Rura
333 1188 503 1250 nemusque
518 1189 638 1232 sacrum
653 1168 830 1250 dilectaque
844 1172 952 1250 iugera
966 1172 1065 1234 Musis

279 1252 387 1333 Signat
399 1254 500 1315 vicina
514 1260 640 1334 quartus
657 1256 694 1314 ab
709 1256 786 1315 urbe
801 1253 888 1336 lapis.

213 1338 296 1399 5Hic
309 1337 395 1398 rudis
411 1338 542 1399 aestivas
555 1340 733 1418 praestabat
746 1341 885 1420 porticus
900 1342 1039 1419 umbras,

219 1480 222 1488 ,
276 1421 348 1482 Heu
362 1442 452 1501 quam
465 1441 564 1502 paene
578 1423 690 1484 novdm
703 1425 842 1504 porticus
857 1443 929 1484 ausa
944 1425 1046 1485 nefas!

235 1504 311 1569 Nam
326 1506 427 1565 subito
443 1504 576 1585 collapsa
589 1509 668 1583 ruit,
690 1527 758 1568 eum
775 1505 855 1568 mole
871 1510 926 1569 sub
942 1507 995 1569 illa

279 1588 425 1650 Gestatus
440 1589 552 1666 biiugis
566 1588 702 1668 Regulus
718 1597 802 1650 esset
818 1592 916 1670 equis.

235 1673 385 1732 Nimirum
399 1673 502 1732 timuit
516 1678 637 1733 nostras
651 1673 790 1733 Fortuna
805 1673 978 1755 querellas,

194 1753 228 1818 10
277 1757 362 1834 Quae
379 1775 436 1837 par
451 1761 512 1816 tam
527 1775 654 1836 maguae
669 1776 732 1816 non
746 1765 814 1817 erat
827 1757 973 1828 invidiae,

234 1839 322 1900 Nunc
337 1846 370 1901 et
384 1839 493 1900 damna
505 1840 627 1915 iuvant3
649 1846 721 1900 sunt
734 1842 801 1921 ipsa
817 1841 956 1922 pericula
970 1845 1063 1903 tanti:

278 1924 398 1984 Stantia
410 1944 473 1984 nun
488 1930 635 2005 poterant
647 1930 731 1985 tecta
745 1927 879 2006 probare
895 1924 981 1987 deus.

609 2129 612 2135 ,
632 2059 716 2119 ιιι.-

236 2167 328 2230 Gasta
343 2189 398 2230 suo
414 2167 549 2249 gladium
563 2189 630 2229 cum
645 2169 788 2232 traderet
801 2171 894 2232 Arria
908 2173 1021 2251 Paeto,

275 2253 373 2330 Quem
390 2252 429 2314 de
443 2254 615 2314 uisceribus
629 2256 797 2315 strinxerat
810 2256 877 2335 ipsa
891 2258 970 2335 snis,

234 2336 290 2414 „Si
307 2357 366 2416 qua
378 2336 474 2415 fider,
491 2335 601 2396 uulnus
617 2335 700 2414 quod
713 2337 776 2397 feei
792 2356 855 2396 non
870 2336 996 2417 dolet,“
1015 2340 1134 2418 inquit;

276 2418 362 2497 „Sed
377 2419 460 2498 quod
474 2425 508 2479 tu
521 2419 634 2495 facies,
656 2418 716 2477 huc
733 2419 823 2496 mihi,
846 2420 960 2499 Paete,
980 2420 1105 2482 duletf‘*

628 2550 709 2612 XIV.

161 2718 163 2722 Α
233 2663 386 2743 Delicias,
408 2665 539 2744 ansar,
561 2665 710 2745 lususque
724 2666 871 2745 iocosque
885 2663 1010 2728 leonum

275 2748 432 2828 Vidimus,
454 2750 514 2810 hue
529 2751 623 2811 etiam
635 2755 775 2831 praestat
788 2750 904 2811 harena
918 2752 992 2830 tibi,

152 2872 155 2878 -
233 2833 311 2895 (lum
324 2852 456 2915 prensus
470 2833 583 2895 blando
598 2835 715 2895 totiens
731 2855 748 2894 a
763 2833 859 2895 dente
873 2834 996 2896 rediret

274 2918 316 2979 lut
331 2936 389 2998 per
404 2923 512 2998 aperta
525 2937 617 2997 vagus
632 2924 776 2980 curreret
790 2937 845 2978 ora
857 2918 958 3001 lepus.

210 3001 325 3066 5Unde
338 3007 443 3083 potest
457 3000 561 3062 avidus
579 3008 687 3084 captae
699 3002 752 3063 leo
769 3022 900 3084 parcere
914 3003 1074 3084 praedae?

275 3083 339 3148 Sed
352 3091 455 3147 tamen
470 3104 539 3146 esse
552 3092 623 3147 tuus
639 3085 767 3148 dieitur:
789 3105 863 3167 ergo
878 3094 991 3168 potest.

631 3220 699 3285 XV.

134 3304 168 3402 V
232 3334 434 3418 Omihipost
446 3334 569 3416 nullos,
591 3336 666 3416 Iuli,
688 3335 885 3397 memorande
901 3298 1039 3414 sodales,

102 3470 139 3629 ,
275 3418 308 3480 si
324 3418 398 3500 quid
411 3418 505 3498 longa
516 3420 596 3483 fides
611 3440 747 3504 canaque
761 3423 829 3483 lura
842 3419 962 3500 velent,
