2370 3840
325 172 664 235 EPIGRAMMATON
677 176 750 238 Llll.
767 178 818 239 Xl.
1032 179 1091 246 281

179 322 221 380 Et
234 322 317 382 iuvat
331 321 462 382 admissa
476 341 622 402 rumpere
635 322 707 384 luce
720 325 810 388 latus.

137 405 246 466 Fascia
260 413 292 463 te
307 406 491 484 tunicaeque
506 408 696 485 obscuraque
711 407 805 487 pallla
820 408 940 473 celante

181 489 223 547 At
237 488 312 547 mihi
328 487 412 548 nulla
427 490 501 548 satis
519 489 601 548 nuda
613 487 719 568 puella
732 492 822 553 iacet.

137 572 226 631 Basia
241 589 289 629 me
305 573 429 651 capiunt
443 570 571 632 blandas
584 573 703 632 imitata
720 571 890 635 columbas:

97 666 129 717 io
178 654 227 713 Tu
241 655 316 713 mibi
332 655 401 733 das,
424 657 507 715 aviae
523 654 623 734 qualia
637 674 725 716 mane
740 654 832 719 solea.

136 738 201 797 Nec
216 743 299 797 motu
314 735 450 816 dignaris
466 758 542 818 opus
556 757 615 799 nec
629 758 704 800 voce
719 740 840 820 iurare,
865 766 868 773 ⁴

177 821 243 880 Nec
258 819 377 898 digitis:
395 828 539 902 tanquam
554 829 622 883 tura
638 841 816 901 merumque
830 842 931 904 pares.

135 903 409 965 Masturbabantur
422 906 550 985 Phrygii
563 914 635 986 post
648 908 727 966 ostia
740 909 837 985 servi,

176 989 334 1048 Hectoreo
352 990 494 1068 quotiens
509 989 634 1050 sederat
648 1010 724 1050 uxor
742 1009 833 1070 equo.

93 1070 176 1133 let
191 1074 325 1151 quamvis
340 1072 444 1133 lthaco
461 1080 614 1134 stertente
630 1073 741 1154 pudica
756 1072 878 1135 solebat

176 1153 244 1215 lllic
257 1155 418 1238 Penelope
434 1176 558 1238 semper
575 1159 692 1218 babere
706 1177 835 1218 monum.

134 1237 303 1299 Paedicare
317 1258 427 1319 negas:
449 1240 541 1300 dabat
554 1243 613 1301 hoc
630 1240 776 1301 Cornelia
791 1239 948 1317 Graccho,

177 1322 430 1403 luliaPompeio,
448 1325 574 1401 Porcia,
596 1324 706 1401 Brute,
728 1325 794 1384 tibl.
919 1360 922 1367 =

134 1403 241 1465 Dulcia
255 1405 407 1465 Dardanio
423 1405 558 1465 nondum
572 1406 721 1467 miscente
736 1408 877 1467 ministro

93 1497 128 1549 20
175 1487 290 1547 Pocula
305 1489 379 1548 luno
394 1489 454 1549 fuit
467 1508 524 1568 pro
541 1488 720 1568 Ganymede
734 1491 806 1551 lovi.

135 1570 168 1631 Si
182 1576 215 1630 te
231 1569 367 1632 delectat
383 1574 530 1651 gravitas,
553 1573 698 1634 Lucretia
713 1582 779 1634 toto
850 1592 854 1599 ·

178 1655 227 1715 Sis
245 1651 322 1716 licet
336 1675 433 1736 usque
449 1655 516 1736 dle,
538 1657 634 1717 Laida
646 1665 739 1719 nocte
752 1658 831 1718 volo.

540 1770 602 1832 GV.

132 1866 282 1928 Mittebas
295 1865 423 1944 libram,
445 1866 663 1946 quadrantem,
685 1866 830 1945 (latrice,
852 1865 958 1927 mittis.

177 1948 294 2009 Saltem
309 1951 484 2027 semissem,
502 1950 647 2026 Garrice,
670 1948 755 2009 solve
770 1949 852 2010 mihi.

131 2156 204 2218 Vibi
218 2157 368 2234 Maxime,
390 2158 416 2216 si
430 2176 517 2218 vacas
531 2061 633 2233 abdic,

133 2241 201 2299 Hoc
218 2245 335 2299 tantum
348 2239 435 2318 lege:
458 2257 588 2318 namque
603 2245 636 2300 et
651 2244 815 2318 occupatus

130 2325 172 2383 Et
186 2343 248 2383 nou
263 2341 297 2384 es
311 2324 437 2384 nimium
450 2323 631 2385 laboriosus.

132 2407 260 2467 Transis
274 2408 331 2468 hos
349 2425 470 2487 quoque
486 2406 652 2486 quattuor?
673 2405 789 2486 sapisti.

525 2517 615 2582 cvii.

130 2615 319 2697 Explicitum
333 2617 422 2676 nobis
438 2633 534 2695 usque
550 2614 589 2675 ad
604 2635 658 2675 sua
672 2631 787 2673 cornua
799 2608 913 2670 llbrum

172 2701 214 2760 Et
229 2700 314 2778 quasi
329 2698 519 2779 perlectum,
543 2698 735 2779 Septiciane,
758 2695 870 2757 refers.

132 2782 241 2843 Omnia
254 2783 369 2860 legisti.
400 2781 521 2859 Credo,
544 2784 625 2859 scio,
649 2778 784 2859 gaudeo,
805 2795 911 2838 verum
925 2781 982 2837 eat.

173 2860 302 2944 Perlegi
315 2865 413 2926 libros
428 2866 473 2926 sic
488 2883 546 2942 ego
562 2866 697 2944 quinque
716 2868 794 2923 tuos.

509 2976 613 3039 cvffl.

131 3076 272 3153 Quamvis
289 3081 351 3134 tam
366 3073 458 3152 longo
472 3074 572 3154 possis
587 3081 672 3133 satur
687 3091 756 3134 esse
769 3070 895 3142 libello,

173 3159 303 3237 Lector,
326 3157 425 3218 adbuc
441 3178 458 3216 a
472 3175 520 3216 me
535 3156 666 3217 disticha
679 3177 775 3238 pauca
790 3157 880 3238 petis.

131 3243 195 3304 Sed
211 3245 315 3322 Lupus
331 3260 453 3302 usuram
468 3242 620 3321 puerique
638 3240 735 3302 diaria
747 3245 887 3322 poscunt.

171 3327 302 3405 Lector,
322 3324 415 3387 salve.
448 3325 547 3386 Taces
563 3324 817 3403 dissimulatque?
845 3317 934 3383 Vule.
