2370 3840
102 189 165 255 284
428 193 472 253 M.
484 192 576 255 VAL.
590 192 815 255 MARTIALIS

603 393 640 454 V.

183 521 319 600 Longior
333 517 487 580 undecimi
500 522 590 580 nobis
606 519 779 601 decimique
793 520 895 584 libelli

225 606 352 665 Artatus
365 603 452 665 labor
469 608 517 664 est
531 609 565 663 et
577 605 671 664 breve
686 606 763 664 rasit
777 623 862 684 opus.

183 686 276 751 Plura
290 686 395 767 legant
406 689 509 765 vacui,
530 688 639 767 quibus
654 689 717 747 otia
732 693 798 748 tuta
814 687 944 769 dedisti3

225 772 310 831 Haec
324 769 396 849 lege
411 776 460 848 tu,
482 771 614 846 caesam
634 770 740 830 forsan
755 778 788 832 et
803 771 857 833 illa
871 772 986 854 legen

594 934 644 994 Vl.

183 1062 321 1140 Contigit
335 1063 488 1123 Ausoniae
502 1080 666 1143 procerum
679 1063 856 1123 mitissimus
871 1061 957 1124 aulae

204 1159 207 1165 ’
224 1144 340 1222 Nerva3
361 1145 436 1206 licet
451 1151 516 1206 toto
532 1164 613 1205 nuuc
630 1142 783 1206 Helicone
797 1146 870 1210 frui.

182 1230 279 1290 Recta
292 1229 405 1309 Fides,
426 1227 535 1290 hilaris
552 1227 742 1307 Clementia,
765 1234 852 1289 cauta
865 1229 1008 1292 Potestas
1113 1279 1115 1283 ,

223 1314 284 1374 lam
298 1313 447 1374 redeunt:
467 1311 553 1392 longi
567 1320 655 1392 terga
669 1312 787 1373 dedere
797 1313 912 1374 Metus.

158 1397 250 1458 illoc
262 1397 368 1478 populi
383 1403 552 1478 gentesque
566 1403 656 1477 tuae,
675 1398 726 1478 pia
739 1398 850 1475 Roma,
871 1403 1053 1477 precantur:

222 1481 290 1541 Dux
302 1483 360 1542 tibi
374 1483 416 1543 ait
430 1501 553 1562 semper
567 1480 654 1560 talis,
676 1486 710 1541 et
720 1482 781 1541 iste
796 1480 857 1540 diu.

180 1564 286 1626 Macte
301 1567 408 1643 animi,
431 1584 521 1645 quem
535 1585 623 1625 rarus
640 1567 751 1642 habes,
772 1582 952 1642 morumque
966 1571 1112 1647 tuorum,

224 1649 307 1724 Quos
321 1649 433 1726 Numa,
457 1667 532 1727 quos
547 1647 656 1708 hilaris
671 1653 778 1727 posset
791 1648 906 1709 habere
921 1649 1008 1708 Cato.

183 1730 321 1809 Largiri,
341 1737 517 1811 praestare,
537 1733 648 1791 breves
663 1730 833 1792 extendere
848 1751 957 1792 census

140 1824 174 1876 10
221 1814 264 1876 Et
279 1813 353 1875 dare
369 1833 447 1895 quae
463 1814 570 1875 faciles
584 1815 633 1874 vix
646 1815 785 1875 tribuere
801 1814 868 1895 dei,

181 1896 269 1958 Nunc
282 1897 358 1959 licet
372 1905 405 1960 et
417 1899 464 1958 ias
479 1903 536 1961 cst.
566 1897 629 1958 Sed
643 1903 677 1958 tu
691 1900 747 1959 sub
762 1900 903 1980 principe
918 1897 996 1958 duro

223 1982 491 2064 Temporibusque
506 1980 594 2043 malls
609 2001 698 2042 ausus
713 2001 746 2042 es
763 2001 833 2043 esse
847 1985 955 2044 bonus.

585 2167 648 2228 Vll.

182 2287 263 2348 Toto
278 2291 395 2350 vertice
410 2294 485 2370 quot
499 2291 581 2368 gerit
596 2287 739 2369 capillos,

179 2372 284 2432 Annos
302 2375 328 2434 si
342 2379 390 2434 tot
405 2373 499 2433 habet
511 2373 614 2452 Ligia,
635 2373 725 2432 trima
742 2382 799 2432 est.

570 2555 648 2617 viu.
717 2520 721 2525 ’

180 2678 348 2739 Terrarum
364 2678 421 2739 dea
436 2679 633 2757 gentiumque
649 2678 762 2757 Roma,

178 2762 236 2822 Cui
251 2781 307 2841 par
322 2762 461 2824 estnihil
475 2768 508 2823 et
520 2759 599 2821 nihil
613 2761 796 2840 secundum,

179 2844 305 2905 Traiani
320 2845 410 2905 modo
422 2845 506 2906 laeta
520 2865 588 2906 cum
601 2846 722 2909 futuros

180 2927 244 2988 Tot
257 2946 314 3007 per
331 2928 452 2988 saecula
467 2935 658 3009 computaret
674 2949 786 3007 annos,

156 3012 221 3082 ulit
233 3011 347 3071 fortem
362 3011 564 3091 iuvenemque
580 3012 788 3092 Martiumque

178 3097 213 3155 lu
228 3100 314 3154 tanto
330 3092 408 3153 duce
421 3092 551 3156 militem
566 3095 704 3174 videret,

177 3180 261 3240 Dixit
273 3175 419 3259 praeside
434 3174 568 3255 gloriosa
581 3179 652 3240 tali:

178 3263 384 3341 „Parthorum
399 3278 547 3341 proceres
563 3259 717 3340 ducesque
735 3263 861 3338 Serum,

178 3346 333 3426 Thraces,
356 3345 570 3420 Sauromatae,
592 3345 708 3425 Getae,
728 3345 886 3424 Britanni,
925 3407 926 3410 Ἴ

135 3429 304 3492 10Possum
319 3429 485 3491 ostendere
501 3428 681 3503 Gaesarem
702 3428 837 3490 venite.“
