2370 3840
146 184 211 250 214
475 182 521 245 m
537 181 629 246 VAL.
647 181 872 243 MARTIALIS

630 333 708 395 Lm

232 449 267 510 ln
280 449 385 529 Septis
399 449 555 509 Mamurra
570 449 623 509 diu
637 447 828 526 multumque
843 453 985 526 vagatus,

274 533 335 592 Hic
350 534 402 593 ubi
416 533 513 593 Roma
526 553 596 593 suas
611 551 704 592 aurea
716 538 806 592 vexat
821 550 912 611 opes,

231 617 368 696 Inspexit
382 615 492 676 molles
506 636 620 697 pucros
636 615 796 697 oculisque
811 614 963 686 comedit;

273 700 342 760 Non
356 701 429 778 hos,
449 720 525 779 quos
540 703 658 781 primae
672 702 862 780 prostituere
878 717 982 775 casae,

208 782 296 847 osred
311 804 387 864 quos
403 804 532 844 arcanae
547 790 672 843 servant
685 782 821 843 tabulata
835 790 968 842 catastae

274 869 316 929 Et
331 887 408 947 quos
422 888 485 927 non
498 866 646 948 populus,
667 886 725 927 neo
739 886 808 926 mea
824 869 915 927 turba
928 866 1015 928 videt

233 950 309 1011 lnde
324 957 409 1011 satur
423 970 543 1011 mensas
559 959 591 1010 et
606 957 733 1030 opertos
749 953 834 1010 exuit
848 953 941 1010 orbes

274 1036 516 1114 Expositumque
534 1033 597 1094 ulte
611 1037 725 1115 pingue
739 1036 883 1115 poposcit
897 1036 992 1112 ebur,

232 1118 275 1179 Et
288 1116 497 1178 testudineum
513 1137 637 1179 mensus
652 1124 761 1199 quater
776 1114 961 1179 hexaclinon

192 1214 226 1266 10
273 1203 425 1282 Ingemuit
439 1205 519 1263 citro
535 1205 686 1263 nonsatis
702 1219 771 1262 esse
786 1221 850 1262 suo.

233 1287 394 1348 Consuluit
410 1305 518 1365 nares,
540 1307 578 1347 an
593 1288 716 1348 olerent
731 1304 804 1346 acra
818 1286 993 1347 Corinthon

274 1370 418 1450 Culpavit
431 1376 546 1431 statuas
563 1378 612 1447 et,
628 1369 799 1449 Polyclito,
820 1376 889 1429 tuas

230 1453 273 1514 Et
286 1456 410 1514 turbata
425 1457 513 1514 brevi
530 1463 657 1533 questus
672 1453 850 1534 crystallina
863 1455 943 1514 vitro

275 1538 416 1596 Murrina
430 1539 560 1616 signavit
574 1548 773 1617 seposmtquc
789 1536 905 1598 decem.

192 1629 224 1681 15
231 1619 387 1699 Expendit
401 1628 524 1680 veteres
543 1619 680 1680 calathos
696 1622 769 1680 etsi
785 1641 843 1700 qua
858 1621 985 1681 inerunt

273 1702 389 1762 Pocula
403 1703 568 1764 Mentorea
582 1703 746 1765 nobilitata
760 1724 865 1782 manu,

101 1811 105 1818 ·
230 1787 272 1846 Et
285 1784 400 1846 virides
414 1788 499 1866 picto
516 1806 648 1866 gemmas
664 1790 836 1848 numeravit
850 1790 883 1848 in
898 1808 990 1866 auro,

273 1868 431 1950 Quidquid
446 1878 479 1931 et
493 1892 510 1930 a
523 1870 771 1950 niveagrandius
788 1891 861 1932 aure
876 1878 973 1934 sonat.

231 1952 445 2034 Sardonychas
460 1974 550 2017 veros
565 1975 671 2017 mensa
687 1956 838 2036 quaesivit
854 1957 887 2016 in
903 1956 984 2017 omni

188 2046 223 2098 20
270 2039 312 2098 Et
325 2041 460 2119 pretium
475 2041 591 2119 magnis
606 2040 682 2100 fecit
695 2039 874 2120 iaspidihus.

229 2122 399 2184 Undecima
412 2122 511 2184 lassus
526 2145 593 2185 curn
607 2127 668 2185 iam
682 2123 862 2185 discederet
874 2125 952 2184 hora

272 2208 349 2267 Asse
367 2206 442 2267 duos
459 2207 572 2269 calices
587 2211 663 2269 emit
677 2210 791 2288 etipse
805 2206 887 2269 tulit.

632 2342 695 2404 LX.

230 2436 292 2497 Seu
309 2443 343 2498 tu
356 2438 515 2499 Paestanis
531 2441 635 2518 genita
649 2458 683 2500 es
702 2458 758 2499 seu
773 2439 900 2499 Tiburis
916 2438 1015 2516 srvis,

272 2520 334 2580 Seu
347 2524 453 2582 rubuit
467 2522 561 2583 telius
579 2522 714 2584 Tuscula
727 2525 807 2584 flore
822 2529 875 2583 tuo
887 2546 896 2598 3

230 2603 291 2662 Seu
304 2604 509 2666 Praenestino
523 2612 555 2666 te
570 2604 661 2666 vilica
673 2607 754 2686 legit
767 2609 800 2666 in
814 2608 923 2683 horto,

271 2686 334 2747 Seu
350 2688 440 2749 modo
457 2691 603 2769 Campani
619 2690 717 2769 gloria
732 2692 814 2750 ruris
829 2710 912 2750 eras:

207 2768 395 2832 5Pulchrior
409 2781 443 2833 ut
456 2781 562 2834 nostro
578 2774 703 2835 videare
720 2794 833 2835 corona
848 2774 979 2850 Sabino,

269 2854 316 2914 De
330 2856 522 2918 Nomentano
537 2864 569 2918 tc
583 2864 673 2938 putet
690 2877 758 2920 esse
773 2876 851 2918 meo.

627 2993 705 3056 LXI.

226 3085 259 3144 In
278 3086 483 3148 Tartessiacis
498 3088 604 3149 domus
619 3097 668 3151 est
681 3091 840 3150 notissima
854 3090 966 3167 terris,

272 3169 339 3246 Qua
354 3169 440 3231 dives
454 3170 610 3250 placidum
625 3173 770 3235 corduba
783 3175 893 3233 Baetin
909 3176 990 3233 amat

226 3252 355 3315 Vellera
367 3255 470 3314 nativo
485 3254 607 3334 pallent
621 3259 674 3317 ubi
688 3259 765 3317 flava
777 3256 903 3317 metallo

266 3337 308 3398 Et
320 3335 394 3398 linit
408 3339 595 3419 Hesperium
609 3342 735 3400 bractea
750 3343 818 3402 viva
833 3359 947 3421 pecus;

102 3470 169 3634 ’
204 3418 364 3481 ohedihus
378 3425 411 3482 in
426 3422 535 3485 mediis
551 3430 634 3485 totos
649 3422 787 3505 amplexa
801 3424 933 3505 penates
