2370 3840
131 177 194 241 328
460 177 504 239 Μ.
521 176 614 240 VAL.
630 175 855 238 MARTIALIS

529 379 635 443 LXIV.
664 380 776 441 libiae.

217 489 313 552 Ebria
326 508 382 548 nos
397 488 527 551 madidis
545 492 660 571 rumpit
674 491 802 551 tibicina
818 491 940 550 bucha:

261 572 361 653 Saepe
377 572 451 635 duas
464 577 599 655 pariter,
621 593 714 656 saepe
729 571 893 635 monaulon
907 573 1021 638 babet.

463 709 556 773 LXV.
576 708 690 771 Soleae
704 710 840 769 lanatae.

219 806 361 866 Defuerit
377 808 403 867 si
416 808 500 868 forte
515 827 595 889 puer
610 806 773 886 soleasque
786 805 899 866 libebit

260 890 404 971 Sumere,
425 911 482 972 pro
496 911 594 972 puero
609 911 666 972 pes
681 894 742 952 erit
756 892 823 971 ipse
837 890 906 948 sibi.

487 1026 595 1088 LXVI.
618 1026 804 1086 Mamillare.

221 1121 357 1182 'Iaurino
372 1129 497 1202 poteras
512 1128 621 1202 pectus
638 1124 852 1201 constringere
866 1126 969 1200 tergo.

259 1206 335 1265 Nam
350 1206 441 1287 pellis
456 1226 598 1267 mammas
613 1224 675 1265 non
690 1207 772 1287 capit
785 1208 844 1266 ista
859 1211 937 1265 tuas.
993 1239 995 1243 <

379 1341 499 1404 LXVII.
520 1341 714 1403 Muscarium
722 1343 925 1423 pavoninum.

217 1437 369 1497 Lambere
385 1458 463 1518 quac
478 1447 586 1520 turpes
601 1441 747 1520 prohibet
761 1448 813 1499 tua
827 1436 957 1520 prandia
972 1457 1124 1522 muscas,

260 1519 354 1580 Alitis
370 1524 498 1582 eximiae
514 1522 609 1583 cauda
623 1526 755 1604 superba
768 1524 837 1584 luit.
969 1568 972 1573 ι

447 1655 581 1718 LXVIII.
606 1655 705 1736 Copto
723 1656 855 1718 Rhodia.

220 1751 382 1811 Peccantis
396 1750 503 1812 famuli
521 1772 623 1833 pugno
638 1772 678 1812 ne
694 1761 823 1833 percute
840 1753 969 1828 deutes;

263 1835 354 1896 Clara
367 1835 494 1895 Rhodos
509 1842 630 1916 coptam
647 1855 734 1915 quam
750 1838 809 1897 tibi
821 1839 905 1897 ubisit
920 1837 1005 1898 edat.

429 1969 535 2030 LXIX.
558 1969 691 2051 Priapm
705 1973 875 2054 siligineos.

220 2067 253 2127 Si
267 2068 312 2128 vis
327 2085 396 2127 esse
411 2074 512 2146 satur,
533 2075 672 2130 nostrum
685 2079 776 2150 potes
792 2088 861 2130 esse
875 2068 1044 2149 Priapum3

261 2152 329 2232 Ipsa
341 2150 417 2212 licet
431 2150 523 2212 rodas
537 2154 678 2231 inguIna,
699 2172 794 2233 purus
811 2154 883 2214 eris.

531 2287 623 2347 LXX.
646 2287 773 2348 Porcus.
841 2326 844 2330 -

219 2382 281 2442 Istc
296 2384 354 2442 tibi
368 2383 463 2443 Iaeict
477 2383 557 2442 bona
575 2381 748 2442 Saturnalia
766 2401 894 2463 porcus,

260 2466 346 2526 Inter
361 2473 537 2547 spumantes
552 2464 625 2528 ilice
640 2472 746 2562 pastus
761 2486 861 2547 apros.

404 2598 510 2659 LXXI.
535 2598 725 2660 Muscarium
740 2601 897 2662 bubulum.

219 2694 350 2754 Sordida
365 2697 391 2755 si
405 2698 483 2756 flavo
500 2697 596 2756 fuerit
610 2697 667 2756 tibi
683 2695 812 2776 pulvere
824 2697 936 2773 vestis,

261 2777 395 2856 Colligat
407 2783 489 2841 hunc
503 2781 590 2840 tenui
604 2783 737 2841 verbere
752 2781 847 2842 cauda
861 2778 950 2842 levis.

508 2914 626 2974 LXXII.
652 2915 799 2977 Botulus.

192 3008 280 3085 eqni
293 3010 379 3068 venit
392 3008 516 3072 botulus
530 3013 651 3074 mediae
665 3015 724 3074 tibi
738 3020 880 3094 ternpore
895 3015 1044 3080 brumae,

260 3093 385 3153 Saturni
399 3100 519 3173 septem
534 3103 662 3158 vcuerat
677 3105 748 3158 aute
763 3096 840 3157 dIes.
882 3111 884 3116 ·

487 3228 620 3290 LXXIII.
644 3233 813 3294 Psittacus.

215 3326 368 3388 Psittacus
384 3325 498 3387 anobis
513 3325 640 3387 aliorum
656 3333 778 3390 nomios
795 3331 896 3389 disco:

256 3411 325 3471 Hoc
339 3410 433 3472 didici
446 3429 505 3490 per
519 3429 568 3470 me
585 3409 690 3472 dicere
708 3413 842 3491 Caesar,
864 3428 933 3473 coe.
