2370 3840
312 206 655 268 EPIGRAMMATON
668 207 742 270 LlB.
758 208 809 270 Xl.
1027 207 1091 276 2⁵⁷

541 410 593 472 Vl.

127 525 238 585 Unctis
252 521 389 582 falciferi
406 523 490 582 senis
505 520 631 600 diebus,

126 609 286 686 Regnator
301 608 411 687 quibus
424 608 559 686 imperat
573 604 723 685 fritillas,

126 693 229 755 Versu
241 691 353 753 ludere
368 711 430 751 non
445 690 602 751 laborioso

126 777 302 856 Permittis,
323 782 417 856 puto,
439 774 555 856 pilenta
570 775 675 836 Roma.

14 906 19 913 -
106 863 255 937 5Risisti3
276 861 353 922 licet
366 879 459 939 ergo,
480 879 539 920 nec
553 867 701 921 vetamur.

126 945 289 1006 Pallentes
302 945 413 1025 procul
426 946 499 1005 hinc
514 946 596 1006 abite
612 964 721 1020 curae;

128 1029 286 1110 Quidquid
300 1031 423 1090 venerit
438 1030 575 1110 obvium,
597 1029 760 1110 loquamur

126 1116 254 1176 Morosa
269 1117 336 1175 sine
354 1116 551 1194 cogitatione.

128 1200 229 1260 Misce
245 1199 406 1279 dimidios,
426 1219 522 1283 puer,
544 1201 695 1278 trientes,

86 1294 120 1346 10
127 1284 241 1360 Quales
255 1286 447 1364 Pythagoras
463 1283 556 1345 dabat
568 1285 704 1358 Neroni3

127 1369 246 1447 Misce,
267 1367 436 1448 Dindyma,
459 1367 516 1427 sed
530 1369 773 1446 frequentiores.

126 1452 256 1512 Possum
269 1450 315 1511 nil
330 1472 386 1531 ego
403 1454 542 1526 sobrins;
563 1453 684 1512 bibenti

129 1534 319 1597 Succurrent
333 1537 409 1597 mihi
425 1535 601 1615 quindecim
616 1542 736 1617 poetae.

126 1622 173 1680 Da
186 1641 267 1682 nunc
283 1623 384 1700 basia,
405 1620 462 1682 sed
478 1620 659 1682 Catulliana.

87 1707 211 1781 anuae
228 1708 255 1766 si
268 1712 317 1766 tot
330 1707 464 1784 fuerint,
488 1714 563 1786 quot
578 1705 634 1767 ille
650 1705 743 1786 dixit,

127 1791 254 1851 Donabo
269 1792 327 1851 tibi
341 1809 499 1871 passerem
515 1791 638 1853 catulli.

512 1926 578 1986 Vll.

128 2039 188 2098 lam
204 2043 292 2097 certe
307 2036 431 2118 stupido
446 2056 509 2097 non
527 2037 627 2110 dices,
650 2038 761 2117 Paula,
783 2040 910 2116 marito,

170 2119 219 2181 Ad
234 2123 395 2181 moechum
413 2122 556 2200 quotiens
570 2121 694 2200 longius
708 2124 756 2183 ire
771 2121 875 2201 voles,

127 2206 265 2284 „Caesar
278 2208 311 2265 in
329 2203 483 2266 Albanum
498 2206 588 2265 iussit
603 2225 651 2266 me
666 2226 756 2267 mane
771 2209 896 2285 venire,

170 2291 286 2351 Caesar
299 2289 475 2356 Dirceiosf‘
501 2290 563 2350 lam
577 2292 706 2372 stropha
721 2291 791 2352 talis
807 2292 880 2353 abit.

106 2374 310 2455 5Penelopae
323 2373 402 2435 licet
421 2393 491 2434 esse
505 2376 563 2434 tibi
579 2376 635 2436 sub
651 2377 794 2458 principe
809 2377 924 2437 Nerva:

170 2459 235 2520 Sed
250 2461 399 2540 prohibet
412 2461 533 2520 scabies
548 2461 768 2540 ingeniumque
782 2467 880 2521 retus.
1003 2499 1005 2502 >

126 2544 255 2623 infelix,
278 2543 353 2624 quid
371 2545 466 2624 ages?
487 2563 610 2624 aegram
625 2544 785 2607 simulabis
800 2543 951 2606 amicam?

169 2631 322 2690 Haerebit
336 2628 478 2690 dominae
492 2631 540 2690 vir
554 2650 658 2691 comes
674 2632 742 2712 ipse
757 2649 846 2708 suae,

127 2712 187 2772 lbit
202 2721 234 2772 et
249 2714 286 2773 ad
302 2715 431 2774 fratrem
447 2722 550 2774 tecum
565 2723 757 2794 matremque
770 2723 962 2795 patremque.

85 2808 120 2859 10
172 2798 252 2872 Quas
267 2799 362 2875 igitur
376 2797 502 2859 fraudes
517 2800 677 2878 ingeniosa
694 2799 807 2879 paras?
829 2859 839 2877 ‚

128 2880 258 2941 Diceret
273 2883 461 2960 hystericam
477 2900 512 2942 se
526 2883 658 2943 forsitan
676 2882 776 2943 altera
789 2885 919 2944 moecha

171 2967 206 3024 ln
224 2965 411 3026 Sinuessano
425 2964 509 3027 velle
524 2965 637 3028 sedere
651 2967 730 3028 lacu.

129 3049 249 3125 Quanto
264 3057 299 3109 tu
313 3048 439 3110 melius!
463 3053 606 3130 quotiens
621 3053 725 3133 placet
739 3053 786 3112 ire
801 3053 952 3131 fututum,

171 3136 255 3209 Quae
269 3154 376 3195 verum
392 3137 486 3195 mavis
503 3134 626 3216 dicere,
648 3135 760 3216 Paula,
781 3139 857 3198 viro.

550 3270 626 3332 Vlll.

128 3378 227 3458 Lapsa
243 3379 326 3461 qnod
341 3384 479 3443 externis
494 3385 614 3465 spirant
628 3381 834 3465 oqobulsuma
843 3382 998 3452 bruneis,

170 3461 284 3523 Ultima
300 3465 382 3544 qnod
399 3489 494 3531 curvo
510 3489 594 3552 quae
610 3469 700 3533 eadit
714 3487 797 3528 aura
815 3479 940 3532 eruent

114 3546 225 3608 Mser.
291 3603 295 3618 ,
885 3537 931 3599 Ἦ
