<?xml version="1.0" encoding="UTF-8"?>
<!DOCTYPE html PUBLIC "-//W3C//DTD XHTML 1.0 Transitional//EN"
    "http://www.w3.org/TR/xhtml1/DTD/xhtml1-transitional.dtd">
<html xmlns="http://www.w3.org/1999/xhtml" xml:lang="en" lang="en">
 <head>
  <title>
</title>
<meta http-equiv="Content-Type" content="text/html;charset=utf-8" />
  <meta name='ocr-system' content='tesseract 3.04.00' />
  <meta name='ocr-capabilities' content='ocr_page ocr_carea ocr_par ocr_line ocrx_word'/>
</head>
<body>
  <div class='ocr_page' id='page_1' title='image "./epigrammatonlib00schngoog_0016.png"; bbox 0 0 2370 3840; ppageno 0'>
   <div class='ocr_carea' id='block_1_1' title="bbox 443 212 1099 271">
    <p class='ocr_par' dir='ltr' id='par_1_1' title="bbox 443 212 1099 271">
     <span class='ocr_line' id='line_1_1' title="bbox 443 212 1099 271; baseline 0.005 -3"><span class='ocrx_word' id='word_1_1' title='bbox 443 212 713 270; x_wconf 80' lang='lat' dir='ltr'><strong>PRAEFATIO.</strong></span> <span class='ocrx_word' id='word_1_2' title='bbox 1070 232 1099 271; x_wconf 72' lang='grc' dir='ltr'><strong>ιι</strong></span> 
     </span>
    </p>
   </div>
   <div class='ocr_carea' id='block_1_2' title="bbox 54 363 1182 3367">
    <p class='ocr_par' dir='ltr' id='par_1_2' title="bbox 56 363 1182 1358">
     <span class='ocr_line' id='line_1_2' title="bbox 120 363 1101 438; baseline 0 -15"><span class='ocrx_word' id='word_1_3' title='bbox 120 367 189 423; x_wconf 88' lang='lat' dir='ltr'><strong>Post</strong></span> <span class='ocrx_word' id='word_1_4' title='bbox 197 367 286 422; x_wconf 85' lang='lat' dir='ltr'><strong>verba</strong></span> <span class='ocrx_word' id='word_1_5' title='bbox 301 364 391 438; x_wconf 75' lang='lat' dir='ltr'><strong>epigr.</strong></span> <span class='ocrx_word' id='word_1_6' title='bbox 408 370 461 423; x_wconf 85' lang='lat'><strong>110</strong></span> <span class='ocrx_word' id='word_1_7' title='bbox 475 366 539 420; x_wconf 80' lang='lat' dir='ltr'><strong>vina</strong></span> <span class='ocrx_word' id='word_1_8' title='bbox 555 378 620 420; x_wconf 82' lang='lat' dir='ltr'><strong>auos</strong></span> <span class='ocrx_word' id='word_1_9' title='bbox 636 368 698 420; x_wconf 90' lang='lat' dir='ltr'><strong>octo</strong></span> <span class='ocrx_word' id='word_1_10' title='bbox 723 363 857 435; x_wconf 79' lang='lat' dir='ltr'>deinceps</span> <span class='ocrx_word' id='word_1_11' title='bbox 880 364 1101 436; x_wconf 76' lang='lat' dir='ltr'><strong>epigrammaton</strong></span> 
     </span>
     <span class='ocr_line' id='line_1_3' title="bbox 59 447 1102 521; baseline -0.002 -13"><span class='ocrx_word' id='word_1_12' title='bbox 59 453 191 508; x_wconf 84' lang='lat' dir='ltr'><strong>lemmate</strong></span> <span class='ocrx_word' id='word_1_13' title='bbox 202 450 357 506; x_wconf 77' lang='lat' dir='ltr'>uncialibus</span> <span class='ocrx_word' id='word_1_14' title='bbox 368 447 465 503; x_wconf 87' lang='lat' dir='ltr'><strong>litteris</strong></span> <span class='ocrx_word' id='word_1_15' title='bbox 476 447 632 520; x_wconf 87' lang='lat' dir='ltr'><strong>perscripta</strong></span> <span class='ocrx_word' id='word_1_16' title='bbox 643 454 719 516; x_wconf 91' lang='lat' dir='ltr'><strong>sunt,</strong></span> <span class='ocrx_word' id='word_1_17' title='bbox 740 448 840 519; x_wconf 93' lang='lat' dir='ltr'><strong>quibus</strong></span> <span class='ocrx_word' id='word_1_18' title='bbox 851 448 995 519; x_wconf 73' lang='lat' dir='ltr'><strong>quaternio</strong></span> <span class='ocrx_word' id='word_1_19' title='bbox 1007 450 1102 521; x_wconf 86' lang='lat' dir='ltr'><strong>exple·</strong></span> 
     </span>
     <span class='ocr_line' id='line_1_4' title="bbox 59 531 1103 606; baseline -0.001 -16"><span class='ocrx_word' id='word_1_20' title='bbox 59 537 113 591; x_wconf 81' lang='lat' dir='ltr'><strong>tur&#39;.</strong></span> <span class='ocrx_word' id='word_1_21' title='bbox 143 533 303 606; x_wconf 83' lang='lat' dir='ltr'><strong>Scripturas</strong></span> <span class='ocrx_word' id='word_1_22' title='bbox 321 533 383 588; x_wconf 89' lang='lat' dir='ltr'><strong>illas</strong></span> <span class='ocrx_word' id='word_1_23' title='bbox 399 531 588 587; x_wconf 81' lang='lat' dir='ltr'><strong>consideranti</strong></span> <span class='ocrx_word' id='word_1_24' title='bbox 608 548 665 587; x_wconf 93' lang='lat' dir='ltr'><strong>non</strong></span> <span class='ocrx_word' id='word_1_25' title='bbox 685 537 777 603; x_wconf 90' lang='lat' dir='ltr'><strong>potest</strong></span> <span class='ocrx_word' id='word_1_26' title='bbox 797 533 947 587; x_wconf 90' lang='lat' dir='ltr'><strong>obscurum</strong></span> <span class='ocrx_word' id='word_1_27' title='bbox 968 547 1049 602; x_wconf 88' lang='lat' dir='ltr'><strong>esse,</strong></span> <span class='ocrx_word' id='word_1_28' title='bbox 1074 539 1103 589; x_wconf 87' lang='lat' dir='ltr'><strong>et</strong></span> 
     </span>
     <span class='ocr_line' id='line_1_5' title="bbox 60 614 1102 687; baseline 0 -13"><span class='ocrx_word' id='word_1_29' title='bbox 60 619 135 677; x_wconf 84' lang='lat' dir='ltr'><strong>nnnc</strong></span> <span class='ocrx_word' id='word_1_30' title='bbox 148 616 275 673; x_wconf 79' lang='lat' dir='ltr'><strong>codicem</strong></span> <span class='ocrx_word' id='word_1_31' title='bbox 287 632 322 672; x_wconf 89' lang='lat' dir='ltr'><strong>ex</strong></span> <span class='ocrx_word' id='word_1_32' title='bbox 334 616 440 671; x_wconf 83' lang='lat' dir='ltr'><strong>familia</strong></span> <span class='ocrx_word' id='word_1_33' title='bbox 453 614 485 671; x_wconf 73' lang='grc' dir='ltr'><strong>Ο·</strong></span> <span class='ocrx_word' id='word_1_34' title='bbox 496 614 651 671; x_wconf 90' lang='lat' dir='ltr'><strong>derivatum</strong></span> <span class='ocrx_word' id='word_1_35' title='bbox 665 615 801 687; x_wconf 79' lang='lat' dir='ltr'><strong>peculiari</strong></span> <span class='ocrx_word' id='word_1_36' title='bbox 820 615 913 686; x_wconf 90' lang='lat' dir='ltr'><strong>aliqua</strong></span> <span class='ocrx_word' id='word_1_37' title='bbox 931 617 1102 687; x_wconf 66' lang='lat' dir='ltr'><strong>praestantia</strong></span> 
     </span>
     <span class='ocr_line' id='line_1_6' title="bbox 59 697 1103 773; baseline -0.001 -16"><span class='ocrx_word' id='word_1_38' title='bbox 59 701 244 773; x_wconf 89' lang='lat' dir='ltr'><strong>conspicuum</strong></span> <span class='ocrx_word' id='word_1_39' title='bbox 255 716 311 756; x_wconf 91' lang='lat' dir='ltr'><strong>non</strong></span> <span class='ocrx_word' id='word_1_40' title='bbox 322 715 397 756; x_wconf 91' lang='lat' dir='ltr'><strong>esse.</strong></span> <span class='ocrx_word' id='word_1_41' title='bbox 438 698 510 755; x_wconf 90' lang='lat' dir='ltr'><strong>Illud</strong></span> <span class='ocrx_word' id='word_1_42' title='bbox 520 697 605 754; x_wconf 90' lang='lat' dir='ltr'><strong>valde</strong></span> <span class='ocrx_word' id='word_1_43' title='bbox 622 699 802 755; x_wconf 87' lang='lat' dir='ltr'><strong>memorabile</strong></span> <span class='ocrx_word' id='word_1_44' title='bbox 814 703 872 767; x_wconf 89' lang='lat' dir='ltr'><strong>est,</strong></span> <span class='ocrx_word' id='word_1_45' title='bbox 891 698 966 770; x_wconf 94' lang='lat' dir='ltr'><strong>quod</strong></span> <span class='ocrx_word' id='word_1_46' title='bbox 980 715 1043 755; x_wconf 91' lang='lat' dir='ltr'><strong>oum</strong></span> <span class='ocrx_word' id='word_1_47' title='bbox 1055 716 1103 756; x_wconf 90' lang='lat' dir='ltr'><strong>co·</strong></span> 
     </span>
     <span class='ocr_line' id='line_1_7' title="bbox 60 782 1101 854; baseline 0.001 -14"><span class='ocrx_word' id='word_1_48' title='bbox 60 785 115 841; x_wconf 85' lang='lat' dir='ltr'><strong>dex</strong></span> <span class='ocrx_word' id='word_1_49' title='bbox 125 784 300 840; x_wconf 88' lang='lat' dir='ltr'><strong>Betbmanno</strong></span> <span class='ocrx_word' id='word_1_50' title='bbox 312 783 404 840; x_wconf 92' lang='lat' dir='ltr'><strong>iudice</strong></span> <span class='ocrx_word' id='word_1_51' title='bbox 416 797 492 838; x_wconf 90' lang='lat' dir='ltr'><strong>saec.</strong></span> <span class='ocrx_word' id='word_1_52' title='bbox 503 782 542 837; x_wconf 87' lang='lat' dir='ltr'><strong>Xl</strong></span> <span class='ocrx_word' id='word_1_53' title='bbox 560 784 679 853; x_wconf 83' lang='lat' dir='ltr'><strong>scriptus</strong></span> <span class='ocrx_word' id='word_1_54' title='bbox 697 783 852 838; x_wconf 85' lang='lat' dir='ltr'><strong>Martialem</strong></span> <span class='ocrx_word' id='word_1_55' title='bbox 867 788 976 854; x_wconf 82' lang='lat' dir='ltr'><strong>poetam</strong></span> <span class='ocrx_word' id='word_1_56' title='bbox 993 799 1101 841; x_wconf 82' lang='lat' dir='ltr'><strong>cocum-</strong></span> 
     </span>
     <span class='ocr_line' id='line_1_8' title="bbox 58 866 1101 943; baseline 0.002 -21"><span class='ocrx_word' id='word_1_57' title='bbox 58 882 110 943; x_wconf 57' lang='grc' dir='ltr'><strong>με</strong></span> <span class='ocrx_word' id='word_1_58' title='bbox 129 868 270 940; x_wconf 90' lang='lat' dir='ltr'><strong>appellet,</strong></span> <span class='ocrx_word' id='word_1_59' title='bbox 290 884 347 924; x_wconf 92' lang='lat' dir='ltr'><strong>non</strong></span> <span class='ocrx_word' id='word_1_60' title='bbox 364 867 448 923; x_wconf 89' lang='lat' dir='ltr'><strong>Italos</strong></span> <span class='ocrx_word' id='word_1_61' title='bbox 468 866 580 922; x_wconf 90' lang='lat' dir='ltr'><strong>demum</strong></span> <span class='ocrx_word' id='word_1_62' title='bbox 593 882 669 922; x_wconf 92' lang='lat' dir='ltr'><strong>saec.</strong></span> <span class='ocrx_word' id='word_1_63' title='bbox 680 866 743 934; x_wconf 88' lang='lat' dir='ltr'><strong>XV,</strong></span> <span class='ocrx_word' id='word_1_64' title='bbox 768 881 839 938; x_wconf 88' lang='lat' dir='ltr'><strong>quae</strong></span> <span class='ocrx_word' id='word_1_65' title='bbox 851 867 918 922; x_wconf 92' lang='lat' dir='ltr'><strong>olim</strong></span> <span class='ocrx_word' id='word_1_66' title='bbox 929 867 1023 938; x_wconf 92' lang='lat' dir='ltr'><strong>opinio</strong></span> <span class='ocrx_word' id='word_1_67' title='bbox 1038 883 1101 924; x_wconf 84' lang='lat' dir='ltr'><strong>mea</strong></span> 
     </span>
     <span class='ocr_line' id='line_1_9' title="bbox 56 949 1103 1024; baseline 0.002 -18"><span class='ocrx_word' id='word_1_68' title='bbox 56 958 127 1019; x_wconf 85' lang='lat' dir='ltr'><strong>erat,</strong></span> <span class='ocrx_word' id='word_1_69' title='bbox 145 956 274 1007; x_wconf 87' lang='lat' dir='ltr'><strong>auctores</strong></span> <span class='ocrx_word' id='word_1_70' title='bbox 292 952 355 1007; x_wconf 92' lang='lat' dir='ltr'><strong>miri</strong></span> <span class='ocrx_word' id='word_1_71' title='bbox 373 951 443 1006; x_wconf 88' lang='lat' dir='ltr'><strong>tituli</strong></span> <span class='ocrx_word' id='word_1_72' title='bbox 460 951 548 1006; x_wconf 86' lang='lat' dir='ltr'><strong>luisse</strong></span> <span class='ocrx_word' id='word_1_73' title='bbox 569 955 695 1021; x_wconf 87' lang='lat' dir='ltr'><strong>apparet.</strong></span> <span class='ocrx_word' id='word_1_74' title='bbox 740 950 799 1005; x_wconf 89' lang='lat' dir='ltr'><strong>Iam</strong></span> <span class='ocrx_word' id='word_1_75' title='bbox 811 966 874 1006; x_wconf 91' lang='lat' dir='ltr'><strong>cum</strong></span> <span class='ocrx_word' id='word_1_76' title='bbox 885 949 983 1006; x_wconf 86' lang='lat' dir='ltr'><strong>Xeniis</strong></span> <span class='ocrx_word' id='word_1_77' title='bbox 995 951 1042 1008; x_wconf 93' lang='lat' dir='ltr'><strong>illa</strong></span> <span class='ocrx_word' id='word_1_78' title='bbox 1053 966 1103 1024; x_wconf 91' lang='lat' dir='ltr'><strong>ap·</strong></span> 
     </span>
     <span class='ocr_line' id='line_1_10' title="bbox 57 1033 1182 1108; baseline 0 -18"><span class='ocrx_word' id='word_1_79' title='bbox 57 1036 171 1108; x_wconf 83' lang='lat' dir='ltr'><strong>pallatio</strong></span> <span class='ocrx_word' id='word_1_80' title='bbox 189 1035 316 1106; x_wconf 84' lang='lat' dir='ltr'><strong>praelixa</strong></span> <span class='ocrx_word' id='word_1_81' title='bbox 332 1036 383 1103; x_wconf 88' lang='lat' dir='ltr'><strong>sit,</strong></span> <span class='ocrx_word' id='word_1_82' title='bbox 408 1034 436 1089; x_wconf 93' lang='lat' dir='ltr'><strong>in</strong></span> <span class='ocrx_word' id='word_1_83' title='bbox 454 1049 557 1090; x_wconf 83' lang='lat' dir='ltr'><strong>caussa</strong></span> <span class='ocrx_word' id='word_1_84' title='bbox 574 1035 662 1090; x_wconf 81' lang='lat' dir='ltr'><strong>tuisse</strong></span> <span class='ocrx_word' id='word_1_85' title='bbox 678 1033 762 1090; x_wconf 91' lang='lat' dir='ltr'><strong>huius</strong></span> <span class='ocrx_word' id='word_1_86' title='bbox 778 1034 868 1106; x_wconf 91' lang='lat' dir='ltr'><strong>ipsius</strong></span> <span class='ocrx_word' id='word_1_87' title='bbox 880 1034 943 1090; x_wconf 88' lang='lat' dir='ltr'><strong>libri</strong></span> <span class='ocrx_word' id='word_1_88' title='bbox 954 1050 1103 1108; x_wconf 81' lang='lat' dir='ltr'><strong>argumen-</strong></span> <span class='ocrx_word' id='word_1_89' title='bbox 1174 1058 1182 1072; x_wconf 69' lang='lat'><em>⁴</em></span> 
     </span>
     <span class='ocr_line' id='line_1_11' title="bbox 57 1118 1101 1191; baseline 0 -17"><span class='ocrx_word' id='word_1_90' title='bbox 57 1125 124 1188; x_wconf 87' lang='lat' dir='ltr'><strong>tum,</strong></span> <span class='ocrx_word' id='word_1_91' title='bbox 137 1134 188 1174; x_wconf 92' lang='lat' dir='ltr'><strong>cur</strong></span> <span class='ocrx_word' id='word_1_92' title='bbox 201 1120 297 1175; x_wconf 89' lang='lat' dir='ltr'><strong>iocose</strong></span> <span class='ocrx_word' id='word_1_93' title='bbox 309 1124 392 1191; x_wconf 88' lang='lat' dir='ltr'><strong>poeta</strong></span> <span class='ocrx_word' id='word_1_94' title='bbox 410 1120 470 1174; x_wconf 82' lang='lat' dir='ltr'><strong>coci</strong></span> <span class='ocrx_word' id='word_1_95' title='bbox 484 1118 595 1173; x_wconf 92' lang='lat' dir='ltr'><strong>nomine</strong></span> <span class='ocrx_word' id='word_1_96' title='bbox 606 1123 800 1186; x_wconf 84' lang='lat' dir='ltr'><strong>exornaretur,</strong></span> <span class='ocrx_word' id='word_1_97' title='bbox 817 1118 961 1189; x_wconf 89' lang='lat' dir='ltr'><strong>probabile</strong></span> <span class='ocrx_word' id='word_1_98' title='bbox 980 1119 1101 1190; x_wconf 90' lang='lat' dir='ltr'><strong>cuipiam</strong></span> 
     </span>
     <span class='ocr_line' id='line_1_12' title="bbox 58 1201 1103 1274; baseline 0 -17"><span class='ocrx_word' id='word_1_99' title='bbox 58 1201 149 1257; x_wconf 85' lang='lat' dir='ltr'><strong>videri</strong></span> <span class='ocrx_word' id='word_1_100' title='bbox 168 1204 268 1274; x_wconf 87' lang='lat' dir='ltr'><strong>possit.</strong></span> <span class='ocrx_word' id='word_1_101' title='bbox 302 1203 466 1273; x_wconf 79' lang='lat' dir='ltr'><strong>Quanquam</strong></span> <span class='ocrx_word' id='word_1_102' title='bbox 483 1219 519 1258; x_wconf 93' lang='lat' dir='ltr'><strong>ne</strong></span> <span class='ocrx_word' id='word_1_103' title='bbox 537 1218 611 1258; x_wconf 90' lang='lat' dir='ltr'><strong>nunc</strong></span> <span class='ocrx_word' id='word_1_104' title='bbox 629 1201 742 1273; x_wconf 90' lang='lat' dir='ltr'><strong>quidem</strong></span> <span class='ocrx_word' id='word_1_105' title='bbox 760 1201 830 1257; x_wconf 91' lang='lat' dir='ltr'><strong>illud</strong></span> <span class='ocrx_word' id='word_1_106' title='bbox 848 1201 1049 1274; x_wconf 79' lang='lat' dir='ltr'><strong>negligendum</strong></span> <span class='ocrx_word' id='word_1_107' title='bbox 1060 1207 1103 1258; x_wconf 90' lang='lat' dir='ltr'><strong>est</strong></span> 
     </span>
     <span class='ocr_line' id='line_1_13' title="bbox 58 1285 636 1358; baseline -0.003 -16"><span class='ocrx_word' id='word_1_108' title='bbox 58 1286 135 1355; x_wconf 92' lang='lat' dir='ltr'><strong>quod</strong></span> <span class='ocrx_word' id='word_1_109' title='bbox 147 1285 195 1340; x_wconf 90' lang='lat' dir='ltr'><strong>ed.</strong></span> <span class='ocrx_word' id='word_1_110' title='bbox 206 1287 272 1342; x_wconf 90' lang='lat' dir='ltr'><strong>mai.</strong></span> <span class='ocrx_word' id='word_1_111' title='bbox 284 1287 316 1342; x_wconf 90' lang='grc' dir='ltr'><strong>Τ.</strong></span> <span class='ocrx_word' id='word_1_112' title='bbox 327 1287 359 1354; x_wconf 91' lang='lat'><strong>11,</strong></span> <span class='ocrx_word' id='word_1_113' title='bbox 372 1303 401 1358; x_wconf 91' lang='lat' dir='ltr'><strong>p.</strong></span> <span class='ocrx_word' id='word_1_114' title='bbox 413 1288 465 1345; x_wconf 72' lang='grc'><strong>736</strong></span> <span class='ocrx_word' id='word_1_115' title='bbox 475 1286 636 1357; x_wconf 88' lang='lat' dir='ltr'><strong>perstrinxi.</strong></span> 
     </span>
    </p>

    <p class='ocr_par' dir='ltr' id='par_1_3' title="bbox 56 1368 1103 2110">
     <span class='ocr_line' id='line_1_14' title="bbox 119 1368 1101 1442; baseline 0.003 -18"><span class='ocrx_word' id='word_1_116' title='bbox 119 1371 271 1425; x_wconf 88' lang='lat' dir='ltr'><strong>Praeterea</strong></span> <span class='ocrx_word' id='word_1_117' title='bbox 281 1371 320 1425; x_wconf 95' lang='lat' dir='ltr'><strong>M.</strong></span> <span class='ocrx_word' id='word_1_118' title='bbox 330 1370 466 1442; x_wconf 86' lang='lat' dir='ltr'><strong>Hauptius</strong></span> <span class='ocrx_word' id='word_1_119' title='bbox 479 1371 508 1425; x_wconf 93' lang='lat' dir='ltr'><strong>in</strong></span> <span class='ocrx_word' id='word_1_120' title='bbox 525 1371 603 1425; x_wconf 86' lang='lat' dir='ltr'><strong>Actis</strong></span> <span class='ocrx_word' id='word_1_121' title='bbox 624 1369 756 1425; x_wconf 89' lang='lat' dir='ltr'><strong>Societat.</strong></span> <span class='ocrx_word' id='word_1_122' title='bbox 770 1368 833 1422; x_wconf 91' lang='lat' dir='ltr'><strong>Litt.</strong></span> <span class='ocrx_word' id='word_1_123' title='bbox 850 1368 1004 1438; x_wconf 89' lang='lat' dir='ltr'><strong>Lipsiensis</strong></span> <span class='ocrx_word' id='word_1_124' title='bbox 1022 1371 1101 1436; x_wconf 74' lang='lat'><strong>1850,</strong></span> 
     </span>
     <span class='ocr_line' id='line_1_15' title="bbox 57 1446 1103 1525; baseline -0.002 -17"><span class='ocrx_word' id='word_1_125' title='bbox 57 1446 109 1525; x_wconf 84' lang='lat' dir='ltr'><strong>lp.</strong></span> <span class='ocrx_word' id='word_1_126' title='bbox 119 1456 139 1512; x_wconf 85' lang='grc'>8</span> <span class='ocrx_word' id='word_1_127' title='bbox 150 1469 213 1525; x_wconf 88' lang='lat' dir='ltr'><strong>sqq.</strong></span> <span class='ocrx_word' id='word_1_128' title='bbox 224 1459 331 1525; x_wconf 88' lang='lat' dir='ltr'><strong>partem</strong></span> <span class='ocrx_word' id='word_1_129' title='bbox 350 1455 572 1524; x_wconf 82' lang='lat' dir='ltr'><strong>epigrammaton</strong></span> <span class='ocrx_word' id='word_1_130' title='bbox 588 1453 723 1508; x_wconf 86' lang='lat' dir='ltr'><strong>Martialis</strong></span> <span class='ocrx_word' id='word_1_131' title='bbox 742 1452 861 1507; x_wconf 91' lang='lat' dir='ltr'><strong>aliorum</strong></span> <span class='ocrx_word' id='word_1_132' title='bbox 877 1456 1023 1522; x_wconf 89' lang='lat' dir='ltr'><strong>poetarum</strong></span> <span class='ocrx_word' id='word_1_133' title='bbox 1042 1466 1103 1507; x_wconf 86' lang='lat' dir='ltr'><strong>cer·</strong></span> 
     </span>
     <span class='ocr_line' id='line_1_16' title="bbox 57 1534 1101 1608; baseline -0.001 -17"><span class='ocrx_word' id='word_1_134' title='bbox 57 1537 179 1592; x_wconf 90' lang='lat' dir='ltr'><strong>minibus</strong></span> <span class='ocrx_word' id='word_1_135' title='bbox 191 1538 377 1592; x_wconf 83' lang='lat' dir='ltr'><strong>intermixtam</strong></span> <span class='ocrx_word' id='word_1_136' title='bbox 392 1538 515 1608; x_wconf 87' lang='lat' dir='ltr'><strong>repperit</strong></span> <span class='ocrx_word' id='word_1_137' title='bbox 525 1538 553 1591; x_wconf 93' lang='lat' dir='ltr'><strong>in</strong></span> <span class='ocrx_word' id='word_1_138' title='bbox 570 1536 668 1591; x_wconf 90' lang='lat' dir='ltr'><strong>codice</strong></span> <span class='ocrx_word' id='word_1_139' title='bbox 683 1534 806 1607; x_wconf 89' lang='lat' dir='ltr'><strong>quodam</strong></span> <span class='ocrx_word' id='word_1_140' title='bbox 822 1535 947 1591; x_wconf 84' lang='lat' dir='ltr'><strong>mlacello</strong></span> <span class='ocrx_word' id='word_1_141' title='bbox 962 1535 1101 1605; x_wconf 87' lang='lat' dir='ltr'><strong>Lipsiensi</strong></span> 
     </span>
     <span class='ocr_line' id='line_1_17' title="bbox 58 1619 1102 1692; baseline -0.003 -17"><span class='ocrx_word' id='word_1_142' title='bbox 58 1619 181 1675; x_wconf 79' lang='lat' dir='ltr'><strong>saecli.</strong></span> <span class='ocrx_word' id='word_1_143' title='bbox 212 1621 256 1677; x_wconf 88' lang='lat' dir='ltr'><strong>Ex</strong></span> <span class='ocrx_word' id='word_1_144' title='bbox 268 1637 322 1692; x_wconf 91' lang='lat' dir='ltr'><strong>quo</strong></span> <span class='ocrx_word' id='word_1_145' title='bbox 336 1637 408 1692; x_wconf 91' lang='lat' dir='ltr'><strong>quae</strong></span> <span class='ocrx_word' id='word_1_146' title='bbox 418 1620 555 1692; x_wconf 86' lang='lat' dir='ltr'><strong>Hauptius</strong></span> <span class='ocrx_word' id='word_1_147' title='bbox 573 1620 714 1691; x_wconf 87' lang='lat' dir='ltr'><strong>excerpsit</strong></span> <span class='ocrx_word' id='word_1_148' title='bbox 727 1619 779 1674; x_wconf 91' lang='lat' dir='ltr'><strong>etsi</strong></span> <span class='ocrx_word' id='word_1_149' title='bbox 794 1620 895 1675; x_wconf 91' lang='lat' dir='ltr'><strong>librum</strong></span> <span class='ocrx_word' id='word_1_150' title='bbox 906 1633 944 1674; x_wconf 85' lang='lat' dir='ltr'><strong>ex</strong></span> <span class='ocrx_word' id='word_1_151' title='bbox 957 1619 1032 1673; x_wconf 85' lang='lat' dir='ltr'><strong>sonte</strong></span> <span class='ocrx_word' id='word_1_152' title='bbox 1046 1633 1102 1672; x_wconf 92' lang='lat' dir='ltr'><strong>non</strong></span> 
     </span>
     <span class='ocr_line' id='line_1_18' title="bbox 56 1702 1103 1776; baseline -0.002 -18"><span class='ocrx_word' id='word_1_153' title='bbox 56 1704 129 1759; x_wconf 88' lang='lat' dir='ltr'><strong>malo</strong></span> <span class='ocrx_word' id='word_1_154' title='bbox 141 1709 327 1776; x_wconf 80' lang='lat' dir='ltr'><strong>propagatum</strong></span> <span class='ocrx_word' id='word_1_155' title='bbox 341 1704 452 1774; x_wconf 83' lang='lat' dir='ltr'><strong>docent,</strong></span> <span class='ocrx_word' id='word_1_156' title='bbox 471 1703 655 1759; x_wconf 88' lang='lat' dir='ltr'><strong>emendandis</strong></span> <span class='ocrx_word' id='word_1_157' title='bbox 667 1708 759 1758; x_wconf 89' lang='lat' dir='ltr'><strong>tamen</strong></span> <span class='ocrx_word' id='word_1_158' title='bbox 770 1707 870 1773; x_wconf 86' lang='lat' dir='ltr'><strong>poetas</strong></span> <span class='ocrx_word' id='word_1_159' title='bbox 886 1702 981 1758; x_wconf 89' lang='lat' dir='ltr'><strong>verbis</strong></span> <span class='ocrx_word' id='word_1_160' title='bbox 992 1703 1103 1773; x_wconf 87' lang='lat' dir='ltr'><strong>perexi-</strong></span> 
     </span>
     <span class='ocr_line' id='line_1_19' title="bbox 58 1786 1102 1859; baseline -0.002 -17"><span class='ocrx_word' id='word_1_161' title='bbox 58 1803 145 1859; x_wconf 74' lang='lat' dir='ltr'><strong>guum</strong></span> <span class='ocrx_word' id='word_1_162' title='bbox 154 1804 238 1844; x_wconf 90' lang='lat' dir='ltr'><strong>usum</strong></span> <span class='ocrx_word' id='word_1_163' title='bbox 251 1787 365 1843; x_wconf 89' lang='lat' dir='ltr'><strong>habent.</strong></span> <span class='ocrx_word' id='word_1_164' title='bbox 397 1787 543 1857; x_wconf 81' lang='lat' dir='ltr'><strong>Quaedam</strong></span> <span class='ocrx_word' id='word_1_165' title='bbox 554 1788 627 1842; x_wconf 87' lang='lat' dir='ltr'><strong>inira</strong></span> <span class='ocrx_word' id='word_1_166' title='bbox 638 1787 871 1842; x_wconf 90' lang='lat' dir='ltr'><strong>commemoravi:</strong></span> <span class='ocrx_word' id='word_1_167' title='bbox 889 1786 1102 1842; x_wconf 90' lang='lat' dir='ltr'><strong>commemorari</strong></span> 
     </span>
     <span class='ocr_line' id='line_1_20' title="bbox 56 1868 1102 1943; baseline 0 -18"><span class='ocrx_word' id='word_1_168' title='bbox 56 1871 140 1926; x_wconf 79' lang='lat' dir='ltr'><strong>ctiam</strong></span> <span class='ocrx_word' id='word_1_169' title='bbox 157 1872 212 1926; x_wconf 93' lang='lat' dir='ltr'><strong>hoc</strong></span> <span class='ocrx_word' id='word_1_170' title='bbox 230 1877 337 1942; x_wconf 90' lang='lat' dir='ltr'><strong>potest,</strong></span> <span class='ocrx_word' id='word_1_171' title='bbox 361 1871 488 1927; x_wconf 91' lang='lat' dir='ltr'><strong>codicem</strong></span> <span class='ocrx_word' id='word_1_172' title='bbox 505 1872 567 1927; x_wconf 89' lang='lat' dir='ltr'><strong>libr.</strong></span> <span class='ocrx_word' id='word_1_173' title='bbox 584 1877 612 1943; x_wconf 74' lang='lat'><strong>2,</strong></span> <span class='ocrx_word' id='word_1_174' title='bbox 623 1868 873 1939; x_wconf 70' lang='lat' dir='ltr'><strong>80,2Dieofferre</strong></span> <span class='ocrx_word' id='word_1_175' title='bbox 884 1884 936 1941; x_wconf 92' lang='lat' dir='ltr'><strong>pro</strong></span> <span class='ocrx_word' id='word_1_176' title='bbox 946 1871 1026 1941; x_wconf 78' lang='lat' dir='ltr'><strong>vulg.</strong></span> <span class='ocrx_word' id='word_1_177' title='bbox 1036 1869 1102 1938; x_wconf 82' lang='lat' dir='ltr'><strong>Hic,</strong></span> 
     </span>
     <span class='ocr_line' id='line_1_21' title="bbox 58 1951 1101 2027; baseline -0.003 -17"><span class='ocrx_word' id='word_1_178' title='bbox 58 1953 134 2025; x_wconf 88' lang='lat' dir='ltr'><strong>quod</strong></span> <span class='ocrx_word' id='word_1_179' title='bbox 145 1955 239 2027; x_wconf 89' lang='lat' dir='ltr'><strong>ipsum</strong></span> <span class='ocrx_word' id='word_1_180' title='bbox 250 1955 315 2012; x_wconf 80' lang='lat' dir='ltr'><strong>Ant.</strong></span> <span class='ocrx_word' id='word_1_181' title='bbox 327 1955 415 2012; x_wconf 87' lang='lat' dir='ltr'><strong>Roius</strong></span> <span class='ocrx_word' id='word_1_182' title='bbox 430 1957 574 2026; x_wconf 90' lang='lat' dir='ltr'><strong>poscebat.</strong></span> <span class='ocrx_word' id='word_1_183' title='bbox 606 1954 643 2009; x_wconf 79' lang='lat' dir='ltr'><strong>nt</strong></span> <span class='ocrx_word' id='word_1_184' title='bbox 656 1955 813 2025; x_wconf 88' lang='lat' dir='ltr'><strong>excerptori</strong></span> <span class='ocrx_word' id='word_1_185' title='bbox 825 1953 1010 2009; x_wconf 92' lang='lat' dir='ltr'><strong>conveniebat</strong></span> <span class='ocrx_word' id='word_1_186' title='bbox 1022 1951 1101 2021; x_wconf 92' lang='lat' dir='ltr'><strong>illud,</strong></span> 
     </span>
     <span class='ocr_line' id='line_1_22' title="bbox 57 2039 576 2110; baseline 0.002 -18"><span class='ocrx_word' id='word_1_187' title='bbox 57 2053 85 2092; x_wconf 88' lang='lat' dir='ltr'><strong>m</strong></span> <span class='ocrx_word' id='word_1_188' title='bbox 96 2039 207 2110; x_wconf 75' lang='lat' dir='ltr'><strong>integro</strong></span> <span class='ocrx_word' id='word_1_189' title='bbox 221 2041 344 2095; x_wconf 90' lang='lat' dir='ltr'><strong>carmine</strong></span> <span class='ocrx_word' id='word_1_190' title='bbox 354 2040 410 2097; x_wconf 84' lang='lat' dir='ltr'><strong>Hic</strong></span> <span class='ocrx_word' id='word_1_191' title='bbox 420 2039 511 2109; x_wconf 86' lang='lat' dir='ltr'><strong>aptius</strong></span> <span class='ocrx_word' id='word_1_192' title='bbox 523 2044 576 2094; x_wconf 87' lang='lat' dir='ltr'><strong>cst.</strong></span> 
     </span>
    </p>

    <p class='ocr_par' dir='ltr' id='par_1_4' title="bbox 54 2118 1104 3100">
     <span class='ocr_line' id='line_1_23' title="bbox 119 2118 1102 2191; baseline -0.004 -15"><span class='ocrx_word' id='word_1_193' title='bbox 119 2124 266 2178; x_wconf 80' lang='lat' dir='ltr'><strong>Postremo</strong></span> <span class='ocrx_word' id='word_1_194' title='bbox 279 2123 352 2179; x_wconf 87' lang='lat' dir='ltr'><strong>Guil.</strong></span> <span class='ocrx_word' id='word_1_195' title='bbox 363 2123 536 2178; x_wconf 88' lang='lat' dir='ltr'><strong>Hamiltonus</strong></span> <span class='ocrx_word' id='word_1_196' title='bbox 554 2120 591 2176; x_wconf 91' lang='lat' dir='ltr'><strong>ad</strong></span> <span class='ocrx_word' id='word_1_197' title='bbox 603 2122 780 2175; x_wconf 90' lang='lat' dir='ltr'><strong>collationem</strong></span> <span class='ocrx_word' id='word_1_198' title='bbox 791 2120 1013 2191; x_wconf 85' lang='lat' dir='ltr'><strong>Edinburgensis</strong></span> <span class='ocrx_word' id='word_1_199' title='bbox 1025 2118 1102 2174; x_wconf 87' lang='lat' dir='ltr'><strong>codi-</strong></span> 
     </span>
     <span class='ocr_line' id='line_1_24' title="bbox 56 2201 1103 2277; baseline -0.002 -17"><span class='ocrx_word' id='word_1_200' title='bbox 56 2205 99 2260; x_wconf 90' lang='lat' dir='ltr'><strong>cis</strong></span> <span class='ocrx_word' id='word_1_201' title='bbox 117 2204 227 2261; x_wconf 89' lang='lat' dir='ltr'><strong>addidit</strong></span> <span class='ocrx_word' id='word_1_202' title='bbox 243 2206 402 2275; x_wconf 81' lang='lat' dir='ltr'><strong>„Adnotata</strong></span> <span class='ocrx_word' id='word_1_203' title='bbox 424 2206 564 2277; x_wconf 86' lang='lat' dir='ltr'><strong>quaedam</strong></span> <span class='ocrx_word' id='word_1_204' title='bbox 578 2203 712 2259; x_wconf 88' lang='lat' dir='ltr'><strong>Hadriani</strong></span> <span class='ocrx_word' id='word_1_205' title='bbox 728 2203 799 2258; x_wconf 92' lang='lat' dir='ltr'><strong>lunii</strong></span> <span class='ocrx_word' id='word_1_206' title='bbox 816 2219 852 2259; x_wconf 87' lang='lat' dir='ltr'><strong>ex</strong></span> <span class='ocrx_word' id='word_1_207' title='bbox 869 2201 983 2258; x_wconf 89' lang='lat' dir='ltr'><strong>schedis</strong></span> <span class='ocrx_word' id='word_1_208' title='bbox 994 2202 1103 2258; x_wconf 88' lang='lat' dir='ltr'><strong>Dorvil·</strong></span> 
     </span>
     <span class='ocr_line' id='line_1_25' title="bbox 55 2285 1104 2358; baseline -0.006 -12"><span class='ocrx_word' id='word_1_209' title='bbox 55 2289 155 2357; x_wconf 91' lang='lat' dir='ltr'><strong>lianis,</strong></span> <span class='ocrx_word' id='word_1_210' title='bbox 182 2290 207 2346; x_wconf 95' lang='lat' dir='ltr'><strong>si</strong></span> <span class='ocrx_word' id='word_1_211' title='bbox 227 2296 303 2346; x_wconf 90' lang='lat' dir='ltr'><strong>recte</strong></span> <span class='ocrx_word' id='word_1_212' title='bbox 324 2291 451 2358; x_wconf 90' lang='lat' dir='ltr'><strong>memini,</strong></span> <span class='ocrx_word' id='word_1_213' title='bbox 475 2291 503 2344; x_wconf 91' lang='lat' dir='ltr'><strong>in</strong></span> <span class='ocrx_word' id='word_1_214' title='bbox 522 2286 690 2344; x_wconf 90' lang='lat' dir='ltr'><strong>bibliotheca</strong></span> <span class='ocrx_word' id='word_1_215' title='bbox 710 2286 865 2342; x_wconf 91' lang='lat' dir='ltr'><strong>Bodleiana</strong></span> <span class='ocrx_word' id='word_1_216' title='bbox 884 2285 1038 2342; x_wconf 90' lang='lat' dir='ltr'><strong>asservatis</strong></span> <span class='ocrx_word' id='word_1_217' title='bbox 1054 2302 1104 2341; x_wconf 85' lang='lat' dir='ltr'><strong>ex·</strong></span> 
     </span>
     <span class='ocr_line' id='line_1_26' title="bbox 57 2371 1104 2443; baseline -0.003 -16"><span class='ocrx_word' id='word_1_218' title='bbox 57 2375 184 2443; x_wconf 88' lang='lat' dir='ltr'><strong>cerpta.“</strong></span> <span class='ocrx_word' id='word_1_219' title='bbox 227 2374 304 2441; x_wconf 80' lang='lat' dir='ltr'><strong>Quae</strong></span> <span class='ocrx_word' id='word_1_220' title='bbox 324 2391 359 2429; x_wconf 86' lang='lat' dir='ltr'><strong>ex</strong></span> <span class='ocrx_word' id='word_1_221' title='bbox 371 2373 505 2429; x_wconf 83' lang='lat' dir='ltr'><strong>&#39;lhuaneo</strong></span> <span class='ocrx_word' id='word_1_222' title='bbox 525 2371 623 2428; x_wconf 90' lang='lat' dir='ltr'><strong>codice</strong></span> <span class='ocrx_word' id='word_1_223' title='bbox 641 2373 758 2443; x_wconf 88' lang='lat' dir='ltr'><strong>repetita</strong></span> <span class='ocrx_word' id='word_1_224' title='bbox 769 2386 834 2427; x_wconf 93' lang='lat' dir='ltr'><strong>esse</strong></span> <span class='ocrx_word' id='word_1_225' title='bbox 846 2375 976 2426; x_wconf 89' lang='lat' dir='ltr'><strong>accurata</strong></span> <span class='ocrx_word' id='word_1_226' title='bbox 984 2385 1029 2425; x_wconf 91' lang='lat' dir='ltr'><strong>me</strong></span> <span class='ocrx_word' id='word_1_227' title='bbox 1039 2385 1104 2442; x_wconf 90' lang='lat' dir='ltr'><strong>per·</strong></span> 
     </span>
     <span class='ocr_line' id='line_1_27' title="bbox 56 2453 1103 2529; baseline -0.002 -18"><span class='ocrx_word' id='word_1_228' title='bbox 56 2457 208 2528; x_wconf 79' lang='lat' dir='ltr'><strong>vestigatio</strong></span> <span class='ocrx_word' id='word_1_229' title='bbox 226 2456 331 2514; x_wconf 91' lang='lat' dir='ltr'><strong>docuit.</strong></span> <span class='ocrx_word' id='word_1_230' title='bbox 353 2487 397 2497; x_wconf 96' lang='lat'><strong>—</strong></span> <span class='ocrx_word' id='word_1_231' title='bbox 417 2457 543 2529; x_wconf 86' lang='lat' dir='ltr'><strong>Denique</strong></span> <span class='ocrx_word' id='word_1_232' title='bbox 555 2457 651 2513; x_wconf 88' lang='lat' dir='ltr'><strong>uthoc</strong></span> <span class='ocrx_word' id='word_1_233' title='bbox 664 2455 782 2523; x_wconf 89' lang='lat' dir='ltr'><strong>addam,</strong></span> <span class='ocrx_word' id='word_1_234' title='bbox 804 2454 841 2511; x_wconf 93' lang='lat' dir='ltr'><strong>ad</strong></span> <span class='ocrx_word' id='word_1_235' title='bbox 852 2453 961 2510; x_wconf 80' lang='lat' dir='ltr'><strong>indices</strong></span> <span class='ocrx_word' id='word_1_236' title='bbox 974 2453 1103 2509; x_wconf 90' lang='lat' dir='ltr'><strong>codicum</strong></span> 
     </span>
     <span class='ocr_line' id='line_1_28' title="bbox 57 2538 1103 2612; baseline -0.002 -18"><span class='ocrx_word' id='word_1_237' title='bbox 57 2541 126 2595; x_wconf 91' lang='lat' dir='ltr'><strong>olim</strong></span> <span class='ocrx_word' id='word_1_238' title='bbox 138 2540 277 2596; x_wconf 90' lang='lat' dir='ltr'><strong>exhibitos</strong></span> <span class='ocrx_word' id='word_1_239' title='bbox 289 2541 425 2597; x_wconf 88' lang='lat' dir='ltr'><strong>accedant</strong></span> <span class='ocrx_word' id='word_1_240' title='bbox 441 2542 547 2612; x_wconf 90' lang='lat' dir='ltr'><strong>aliquot</strong></span> <span class='ocrx_word' id='word_1_241' title='bbox 557 2540 671 2596; x_wconf 89' lang='lat' dir='ltr'><strong>codices</strong></span> <span class='ocrx_word' id='word_1_242' title='bbox 683 2556 720 2595; x_wconf 94' lang='lat' dir='ltr'><strong>ex</strong></span> <span class='ocrx_word' id='word_1_243' title='bbox 729 2539 796 2594; x_wconf 89' lang='lat' dir='ltr'><strong>Maii</strong></span> <span class='ocrx_word' id='word_1_244' title='bbox 808 2538 961 2611; x_wconf 80' lang='lat' dir='ltr'><strong>Spicilegio</strong></span> <span class='ocrx_word' id='word_1_245' title='bbox 975 2538 1103 2594; x_wconf 90' lang='lat' dir='ltr'><strong>Romano</strong></span> 
     </span>
     <span class='ocr_line' id='line_1_29' title="bbox 56 2621 1104 2694; baseline -0.008 -10"><span class='ocrx_word' id='word_1_246' title='bbox 56 2624 91 2691; x_wconf 92' lang='lat' dir='ltr'><strong>V,</strong></span> <span class='ocrx_word' id='word_1_247' title='bbox 103 2640 133 2694; x_wconf 82' lang='lat' dir='ltr'><strong>p·</strong></span> <span class='ocrx_word' id='word_1_248' title='bbox 145 2627 196 2683; x_wconf 83' lang='lat'><strong>191</strong></span> <span class='ocrx_word' id='word_1_249' title='bbox 209 2630 237 2678; x_wconf 92' lang='lat' dir='ltr'><strong>et</strong></span> <span class='ocrx_word' id='word_1_250' title='bbox 246 2630 308 2684; x_wconf 77' lang='lat'><strong>212.</strong></span> <span class='ocrx_word' id='word_1_251' title='bbox 349 2626 445 2681; x_wconf 85' lang='lat' dir='ltr'><strong>Priore</strong></span> <span class='ocrx_word' id='word_1_252' title='bbox 463 2626 525 2680; x_wconf 95' lang='lat' dir='ltr'><strong>loco</strong></span> <span class='ocrx_word' id='word_1_253' title='bbox 542 2630 669 2680; x_wconf 88' lang='lat' dir='ltr'><strong>vetustus</strong></span> <span class='ocrx_word' id='word_1_254' title='bbox 687 2623 774 2678; x_wconf 89' lang='lat' dir='ltr'><strong>index</strong></span> <span class='ocrx_word' id='word_1_255' title='bbox 789 2623 860 2677; x_wconf 89' lang='lat' dir='ltr'><strong>inter</strong></span> <span class='ocrx_word' id='word_1_256' title='bbox 873 2621 988 2678; x_wconf 88' lang='lat' dir='ltr'><strong>codices</strong></span> <span class='ocrx_word' id='word_1_257' title='bbox 1006 2622 1104 2678; x_wconf 93' lang='lat' dir='ltr'><strong>biblio·</strong></span> 
     </span>
     <span class='ocr_line' id='line_1_30' title="bbox 55 2706 1104 2778; baseline -0.001 -17"><span class='ocrx_word' id='word_1_258' title='bbox 55 2707 159 2762; x_wconf 89' lang='lat' dir='ltr'><strong>thecae</strong></span> <span class='ocrx_word' id='word_1_259' title='bbox 181 2709 432 2764; x_wconf 87' lang='lat' dir='ltr'><strong>Laureshamensis</strong></span> <span class='ocrx_word' id='word_1_260' title='bbox 450 2708 550 2764; x_wconf 88' lang='lat' dir='ltr'><strong>habet:</strong></span> <span class='ocrx_word' id='word_1_261' title='bbox 575 2709 669 2776; x_wconf 89' lang='lat' dir='ltr'><strong>„Libri</strong></span> <span class='ocrx_word' id='word_1_262' title='bbox 685 2708 819 2762; x_wconf 86' lang='lat' dir='ltr'><strong>Martialis</strong></span> <span class='ocrx_word' id='word_1_263' title='bbox 836 2711 936 2778; x_wconf 89' lang='lat' dir='ltr'><strong>poetae</strong></span> <span class='ocrx_word' id='word_1_264' title='bbox 949 2706 977 2761; x_wconf 91' lang='lat' dir='ltr'><strong>in</strong></span> <span class='ocrx_word' id='word_1_265' title='bbox 988 2710 1104 2761; x_wconf 79' lang='lat' dir='ltr'><strong>uno‘co·</strong></span> 
     </span>
     <span class='ocr_line' id='line_1_31' title="bbox 56 2788 1103 2859; baseline -0.003 -13"><span class='ocrx_word' id='word_1_266' title='bbox 56 2789 159 2859; x_wconf 87' lang='lat' dir='ltr'><strong>dice“;</strong></span> <span class='ocrx_word' id='word_1_267' title='bbox 176 2793 264 2847; x_wconf 89' lang='lat' dir='ltr'><strong>altero</strong></span> <span class='ocrx_word' id='word_1_268' title='bbox 276 2792 363 2848; x_wconf 90' lang='lat' dir='ltr'><strong>index</strong></span> <span class='ocrx_word' id='word_1_269' title='bbox 380 2791 557 2850; x_wconf 71' lang='lat' dir='ltr'><strong>corbeiensis</strong></span> <span class='ocrx_word' id='word_1_270' title='bbox 574 2791 774 2848; x_wconf 88' lang='lat' dir='ltr'><strong>bibliothecae:</strong></span> <span class='ocrx_word' id='word_1_271' title='bbox 798 2791 963 2859; x_wconf 74' lang='lat' dir='ltr'><strong>„Martialis</strong></span> <span class='ocrx_word' id='word_1_272' title='bbox 988 2788 1103 2846; x_wconf 88' lang='lat' dir='ltr'><strong>Statius.</strong></span> 
     </span>
     <span class='ocr_line' id='line_1_32' title="bbox 54 2873 1104 2947; baseline -0.002 -18"><span class='ocrx_word' id='word_1_273' title='bbox 54 2875 196 2930; x_wconf 82' lang='lat' dir='ltr'><strong>Aeneia.“</strong></span> <span class='ocrx_word' id='word_1_274' title='bbox 223 2876 264 2931; x_wconf 89' lang='lat' dir='ltr'><strong>De</strong></span> <span class='ocrx_word' id='word_1_275' title='bbox 275 2877 337 2932; x_wconf 88' lang='lat' dir='ltr'><strong>aliis</strong></span> <span class='ocrx_word' id='word_1_276' title='bbox 350 2876 517 2947; x_wconf 89' lang='lat' dir='ltr'><strong>quibusdam</strong></span> <span class='ocrx_word' id='word_1_277' title='bbox 530 2876 577 2931; x_wconf 89' lang='lat' dir='ltr'><strong>vel</strong></span> <span class='ocrx_word' id='word_1_278' title='bbox 590 2876 627 2931; x_wconf 90' lang='lat' dir='ltr'><strong>ad</strong></span> <span class='ocrx_word' id='word_1_279' title='bbox 639 2873 846 2931; x_wconf 90' lang='lat' dir='ltr'><strong>emendandum</strong></span> <span class='ocrx_word' id='word_1_280' title='bbox 856 2875 903 2929; x_wconf 90' lang='lat' dir='ltr'><strong>vel</strong></span> <span class='ocrx_word' id='word_1_281' title='bbox 914 2873 952 2929; x_wconf 90' lang='lat' dir='ltr'><strong>ad</strong></span> <span class='ocrx_word' id='word_1_282' title='bbox 962 2873 1104 2944; x_wconf 88' lang='lat' dir='ltr'><strong>explican-</strong></span> 
     </span>
     <span class='ocr_line' id='line_1_33' title="bbox 55 2955 1103 3031; baseline -0.001 -19"><span class='ocrx_word' id='word_1_283' title='bbox 55 2957 124 3014; x_wconf 90' lang='lat' dir='ltr'><strong>dum</strong></span> <span class='ocrx_word' id='word_1_284' title='bbox 134 2959 291 3016; x_wconf 90' lang='lat' dir='ltr'><strong>Martialem</strong></span> <span class='ocrx_word' id='word_1_285' title='bbox 301 2960 452 3031; x_wconf 89' lang='lat' dir='ltr'><strong>praesidiis</strong></span> <span class='ocrx_word' id='word_1_286' title='bbox 466 2961 559 3017; x_wconf 91' lang='lat' dir='ltr'><strong>dicam</strong></span> <span class='ocrx_word' id='word_1_287' title='bbox 576 2961 605 3014; x_wconf 92' lang='lat' dir='ltr'><strong>in</strong></span> <span class='ocrx_word' id='word_1_288' title='bbox 616 2959 839 3027; x_wconf 82' lang='lat' dir='ltr'><strong>commentariis,</strong></span> <span class='ocrx_word' id='word_1_289' title='bbox 864 2975 934 3030; x_wconf 93' lang='lat' dir='ltr'><strong>quos</strong></span> <span class='ocrx_word' id='word_1_290' title='bbox 952 2955 1103 3027; x_wconf 91' lang='lat' dir='ltr'><strong>aliquando</strong></span> 
     </span>
     <span class='ocr_line' id='line_1_34' title="bbox 55 3041 877 3100; baseline 0.013 -4"><span class='ocrx_word' id='word_1_291' title='bbox 55 3041 330 3100; x_wconf 86' lang='lat' dir='ltr'><strong>edereanimusest.</strong></span> <span class='ocrx_word' id='word_1_292' title='bbox 873 3051 877 3057; x_wconf 86' lang='grc'><strong>’</strong></span> 
     </span>
    </p>

    <p class='ocr_par' dir='ltr' id='par_1_5' title="bbox 55 3125 1105 3367">
     <span class='ocr_line' id='line_1_35' title="bbox 119 3125 1104 3199; baseline -0.003 -18"><span class='ocrx_word' id='word_1_293' title='bbox 119 3127 164 3181; x_wconf 87' lang='lat' dir='ltr'><strong>Ex</strong></span> <span class='ocrx_word' id='word_1_294' title='bbox 187 3130 265 3185; x_wconf 88' lang='lat' dir='ltr'><strong>libris</strong></span> <span class='ocrx_word' id='word_1_295' title='bbox 288 3143 387 3184; x_wconf 90' lang='lat' dir='ltr'><strong>recens</strong></span> <span class='ocrx_word' id='word_1_296' title='bbox 410 3130 541 3185; x_wconf 88' lang='lat' dir='ltr'><strong>excussis</strong></span> <span class='ocrx_word' id='word_1_297' title='bbox 559 3133 587 3183; x_wconf 90' lang='lat' dir='ltr'><strong>ut</strong></span> <span class='ocrx_word' id='word_1_298' title='bbox 605 3129 634 3182; x_wconf 93' lang='lat' dir='ltr'><strong>in</strong></span> <span class='ocrx_word' id='word_1_299' title='bbox 644 3125 885 3199; x_wconf 81' lang='lat' dir='ltr'><strong>recognoscendis</strong></span> <span class='ocrx_word' id='word_1_300' title='bbox 894 3126 990 3182; x_wconf 82' lang='lat' dir='ltr'><strong>verbis</strong></span> <span class='ocrx_word' id='word_1_301' title='bbox 1002 3129 1104 3196; x_wconf 89' lang='lat' dir='ltr'><strong>poetae</strong></span> 
     </span>
     <span class='ocr_line' id='line_1_36' title="bbox 55 3208 1105 3283; baseline 0 -20"><span class='ocrx_word' id='word_1_302' title='bbox 55 3225 113 3264; x_wconf 92' lang='lat' dir='ltr'><strong>non</strong></span> <span class='ocrx_word' id='word_1_303' title='bbox 125 3213 241 3268; x_wconf 88' lang='lat' dir='ltr'><strong>multum</strong></span> <span class='ocrx_word' id='word_1_304' title='bbox 251 3213 374 3283; x_wconf 85' lang='lat' dir='ltr'><strong>proieci,</strong></span> <span class='ocrx_word' id='word_1_305' title='bbox 391 3213 429 3268; x_wconf 91' lang='lat' dir='ltr'><strong>ita</strong></span> <span class='ocrx_word' id='word_1_306' title='bbox 441 3213 540 3268; x_wconf 90' lang='lat' dir='ltr'><strong>sedulo</strong></span> <span class='ocrx_word' id='word_1_307' title='bbox 552 3227 666 3283; x_wconf 89' lang='lat' dir='ltr'><strong>operam</strong></span> <span class='ocrx_word' id='word_1_308' title='bbox 678 3210 759 3277; x_wconf 91' lang='lat' dir='ltr'><strong>dedi,</strong></span> <span class='ocrx_word' id='word_1_309' title='bbox 772 3216 801 3266; x_wconf 90' lang='lat' dir='ltr'><strong>ut</strong></span> <span class='ocrx_word' id='word_1_310' title='bbox 814 3210 912 3265; x_wconf 90' lang='lat' dir='ltr'><strong>iterum</strong></span> <span class='ocrx_word' id='word_1_311' title='bbox 922 3208 1027 3264; x_wconf 90' lang='lat' dir='ltr'><strong>edendi</strong></span> <span class='ocrx_word' id='word_1_312' title='bbox 1037 3225 1105 3264; x_wconf 89' lang='lat' dir='ltr'><strong>con-</strong></span> 
     </span>
     <span class='ocr_line' id='line_1_37' title="bbox 57 3292 1103 3367; baseline -0.003 -20"><span class='ocrx_word' id='word_1_313' title='bbox 57 3293 171 3349; x_wconf 92' lang='lat' dir='ltr'><strong>dicione</strong></span> <span class='ocrx_word' id='word_1_314' title='bbox 188 3301 299 3367; x_wconf 92' lang='lat' dir='ltr'><strong>praeter</strong></span> <span class='ocrx_word' id='word_1_315' title='bbox 317 3297 480 3367; x_wconf 89' lang='lat' dir='ltr'><strong>opinionem</strong></span> <span class='ocrx_word' id='word_1_316' title='bbox 496 3297 589 3352; x_wconf 90' lang='lat' dir='ltr'><strong>oblata</strong></span> <span class='ocrx_word' id='word_1_317' title='bbox 604 3295 739 3351; x_wconf 89' lang='lat' dir='ltr'><strong>Martialis</strong></span> <span class='ocrx_word' id='word_1_318' title='bbox 757 3295 800 3350; x_wconf 91' lang='lat' dir='ltr'><strong>sui</strong></span> <span class='ocrx_word' id='word_1_319' title='bbox 820 3293 938 3349; x_wconf 89' lang='lat' dir='ltr'><strong>similior</strong></span> <span class='ocrx_word' id='word_1_320' title='bbox 958 3292 1103 3348; x_wconf 88' lang='lat' dir='ltr'><strong>evaderet.</strong></span> 
     </span>
    </p>
   </div>
   <div class='ocr_carea' id='block_1_3' title="bbox 49 3374 1149 3628">
    <p class='ocr_par' dir='ltr' id='par_1_6' title="bbox 49 3374 1149 3628">
     <span class='ocr_line' id='line_1_38' title="bbox 55 3374 1104 3452; baseline -0.002 -21"><span class='ocrx_word' id='word_1_321' title='bbox 55 3377 117 3432; x_wconf 86' lang='lat' dir='ltr'><strong>Nec</strong></span> <span class='ocrx_word' id='word_1_322' title='bbox 128 3379 277 3451; x_wconf 89' lang='lat' dir='ltr'><strong>quisquam</strong></span> <span class='ocrx_word' id='word_1_323' title='bbox 288 3381 447 3449; x_wconf 88' lang='lat' dir='ltr'><strong>mirabitur,</strong></span> <span class='ocrx_word' id='word_1_324' title='bbox 465 3379 541 3452; x_wconf 90' lang='lat' dir='ltr'><strong>quod</strong></span> <span class='ocrx_word' id='word_1_325' title='bbox 552 3380 701 3434; x_wconf 89' lang='lat' dir='ltr'><strong>interiectis</strong></span> <span class='ocrx_word' id='word_1_326' title='bbox 714 3378 824 3434; x_wconf 89' lang='lat' dir='ltr'><strong>duobus</strong></span> <span class='ocrx_word' id='word_1_327' title='bbox 834 3377 929 3432; x_wconf 77' lang='lat' dir='ltr'><strong>lustrIs</strong></span> <span class='ocrx_word' id='word_1_328' title='bbox 941 3378 976 3431; x_wconf 90' lang='lat' dir='ltr'><strong>ab</strong></span> <span class='ocrx_word' id='word_1_329' title='bbox 989 3392 1024 3430; x_wconf 91' lang='lat' dir='ltr'><strong>ea</strong></span> <span class='ocrx_word' id='word_1_330' title='bbox 1035 3374 1104 3432; x_wconf 90' lang='lat' dir='ltr'><strong>scri·</strong></span> 
     </span>
     <span class='ocr_line' id='line_1_39' title="bbox 55 3459 1112 3538; baseline -0.006 -22"><span class='ocrx_word' id='word_1_331' title='bbox 55 3467 150 3532; x_wconf 88' lang='lat' dir='ltr'><strong>ptura,</strong></span> <span class='ocrx_word' id='word_1_332' title='bbox 162 3478 246 3533; x_wconf 90' lang='lat' dir='ltr'><strong>quam</strong></span> <span class='ocrx_word' id='word_1_333' title='bbox 256 3466 285 3518; x_wconf 91' lang='lat' dir='ltr'><strong>in</strong></span> <span class='ocrx_word' id='word_1_334' title='bbox 297 3465 420 3520; x_wconf 85' lang='lat' dir='ltr'><strong>editione</strong></span> <span class='ocrx_word' id='word_1_335' title='bbox 431 3466 537 3520; x_wconf 89' lang='lat' dir='ltr'><strong>maiore</strong></span> <span class='ocrx_word' id='word_1_336' title='bbox 549 3478 715 3538; x_wconf 78' lang='lat' dir='ltr'><strong>posueram,</strong></span> <span class='ocrx_word' id='word_1_337' title='bbox 724 3478 784 3519; x_wconf 90' lang='lat' dir='ltr'><strong>non</strong></span> <span class='ocrx_word' id='word_1_338' title='bbox 790 3462 834 3519; x_wconf 79' lang='lat' dir='ltr'><strong>ila</strong></span> <span class='ocrx_word' id='word_1_339' title='bbox 840 3476 910 3517; x_wconf 84' lang='lat' dir='ltr'><strong>raro</strong></span> <span class='ocrx_word' id='word_1_340' title='bbox 917 3459 1045 3514; x_wconf 69' lang='lat' dir='ltr'><strong>recesst.</strong></span> <span class='ocrx_word' id='word_1_341' title='bbox 1057 3459 1112 3511; x_wconf 61' lang='lat' dir='ltr'><strong>Ma·</strong></span> 
     </span>
     <span class='ocr_line' id='line_1_40' title="bbox 49 3536 1149 3628; baseline 0.004 -34"><span class='ocrx_word' id='word_1_342' title='bbox 49 3545 124 3595; x_wconf 82' lang='lat' dir='ltr'><strong>enim</strong></span> <span class='ocrx_word' id='word_1_343' title='bbox 135 3545 190 3598; x_wconf 80' lang='lat' dir='ltr'><strong>alia</strong></span> <span class='ocrx_word' id='word_1_344' title='bbox 202 3547 258 3600; x_wconf 88' lang='lat' dir='ltr'><strong>iam</strong></span> <span class='ocrx_word' id='word_1_345' title='bbox 269 3549 298 3602; x_wconf 91' lang='lat' dir='ltr'><strong>in</strong></span> <span class='ocrx_word' id='word_1_346' title='bbox 307 3549 463 3610; x_wconf 79' lang='lat' dir='ltr'><strong>Addendis</strong></span> <span class='ocrx_word' id='word_1_347' title='bbox 476 3550 710 3628; x_wconf 70' lang='lat' dir='ltr'><strong>succingendis</strong></span> <span class='ocrx_word' id='word_1_348' title='bbox 721 3567 763 3609; x_wconf 84' lang='lat' dir='ltr'><strong>ox</strong></span> <span class='ocrx_word' id='word_1_349' title='bbox 768 3536 1149 3624; x_wconf 57' lang='lat' dir='ltr'><strong>praecordialissimis.</strong></span> 
     </span>
    </p>
   </div>
   <div class='ocr_carea' id='block_1_4' title="bbox 0 0 1190 3840">
    <p class='ocr_par' dir='ltr' id='par_1_7' title="bbox 0 0 1190 3840">
     <span class='ocr_line' id='line_1_41' title="bbox 0 0 1190 3840; baseline 0 0"><span class='ocrx_word' id='word_1_350' title='bbox 0 0 1190 3840; x_wconf 95' lang='lat' dir='ltr'><strong> </strong></span> 
     </span>
    </p>
   </div>
  </div>
 </body>
</html>
