<?xml version="1.0" encoding="UTF-8"?>
<!DOCTYPE html PUBLIC "-//W3C//DTD XHTML 1.0 Transitional//EN"
    "http://www.w3.org/TR/xhtml1/DTD/xhtml1-transitional.dtd">
<html xmlns="http://www.w3.org/1999/xhtml" xml:lang="en" lang="en">
 <head>
  <title>
</title>
<meta http-equiv="Content-Type" content="text/html;charset=utf-8" />
  <meta name='ocr-system' content='tesseract 3.04.00' />
  <meta name='ocr-capabilities' content='ocr_page ocr_carea ocr_par ocr_line ocrx_word'/>
</head>
<body>
  <div class='ocr_page' id='page_1' title='image "./epigrammatonlib00schngoog_0115.png"; bbox 0 0 2370 3840; ppageno 0'>
   <div class='ocr_carea' id='block_1_1' title="bbox 69 160 829 235">
    <p class='ocr_par' dir='ltr' id='par_1_1' title="bbox 69 160 829 235">
     <span class='ocr_line' id='line_1_1' title="bbox 69 160 829 235; baseline -0.012 0"><span class='ocrx_word' id='word_1_1' title='bbox 69 183 71 189; x_wconf 84' lang='grc'><em>’</em></span> <span class='ocrx_word' id='word_1_2' title='bbox 101 160 181 235; x_wconf 53' lang='grc'>104</span> <span class='ocrx_word' id='word_1_3' title='bbox 426 166 470 229; x_wconf 91' lang='grc' dir='ltr'>Μ.</span> <span class='ocrx_word' id='word_1_4' title='bbox 486 166 578 229; x_wconf 87' lang='lat' dir='ltr'>VAL.</span> <span class='ocrx_word' id='word_1_5' title='bbox 596 165 829 226; x_wconf 79' lang='lat' dir='ltr'>MARTIALIS&#39;</span> 
     </span>
    </p>
   </div>
   <div class='ocr_carea' id='block_1_2' title="bbox 187 288 982 567">
    <p class='ocr_par' dir='ltr' id='par_1_2' title="bbox 187 288 982 567">
     <span class='ocr_line' id='line_1_2' title="bbox 228 288 965 397; baseline -0.005 -16"><span class='ocrx_word' id='word_1_6' title='bbox 228 320 291 381; x_wconf 86' lang='lat' dir='ltr'>Sed</span> <span class='ocrx_word' id='word_1_7' title='bbox 306 340 359 381; x_wconf 90' lang='lat' dir='ltr'>sua</span> <span class='ocrx_word' id='word_1_8' title='bbox 376 340 444 380; x_wconf 90' lang='lat' dir='ltr'>cum</span> <span class='ocrx_word' id='word_1_9' title='bbox 458 318 577 379; x_wconf 88' lang='lat' dir='ltr'>medius</span> <span class='ocrx_word' id='word_1_10' title='bbox 591 288 862 397; x_wconf 68' lang='lat' dir='ltr'>praella&#39;ssaechus</span> <span class='ocrx_word' id='word_1_11' title='bbox 877 323 965 378; x_wconf 87' lang='lat' dir='ltr'>amat.</span> 
     </span>
     <span class='ocr_line' id='line_1_3' title="bbox 187 401 982 482; baseline -0.005 -16"><span class='ocrx_word' id='word_1_12' title='bbox 187 407 221 467; x_wconf 90' lang='lat' dir='ltr'>Si</span> <span class='ocrx_word' id='word_1_13' title='bbox 236 406 327 465; x_wconf 87' lang='lat' dir='ltr'>nimis</span> <span class='ocrx_word' id='word_1_14' title='bbox 343 412 391 465; x_wconf 89' lang='lat' dir='ltr'>est</span> <span class='ocrx_word' id='word_1_15' title='bbox 407 403 521 482; x_wconf 82' lang='lat' dir='ltr'><strong>legisse</strong></span> <span class='ocrx_word' id='word_1_16' title='bbox 536 402 628 480; x_wconf 84' lang='lat' dir='ltr'>duos,</span> <span class='ocrx_word' id='word_1_17' title='bbox 650 403 707 462; x_wconf 89' lang='lat' dir='ltr'>tibi</span> <span class='ocrx_word' id='word_1_18' title='bbox 725 403 831 462; x_wconf 88' lang='lat' dir='ltr'>charta</span> <span class='ocrx_word' id='word_1_19' title='bbox 844 401 982 482; x_wconf 83' lang='lat' dir='ltr'>plicetur</span> 
     </span>
     <span class='ocr_line' id='line_1_4' title="bbox 228 487 844 567; baseline -0.008 -18"><span class='ocrx_word' id='word_1_20' title='bbox 228 487 352 549; x_wconf 86' lang='lat' dir='ltr'>Altera:</span> <span class='ocrx_word' id='word_1_21' title='bbox 376 489 504 548; x_wconf 86' lang='lat' dir='ltr'>divisum</span> <span class='ocrx_word' id='word_1_22' title='bbox 519 489 563 547; x_wconf 89' lang='lat' dir='ltr'>sic</span> <span class='ocrx_word' id='word_1_23' title='bbox 578 488 673 546; x_wconf 88' lang='lat' dir='ltr'>breve</span> <span class='ocrx_word' id='word_1_24' title='bbox 688 487 744 546; x_wconf 87' lang='lat' dir='ltr'>fiet</span> <span class='ocrx_word' id='word_1_25' title='bbox 759 506 844 567; x_wconf 92' lang='lat' dir='ltr'>opus.</span> 
     </span>
    </p>
   </div>
   <div class='ocr_carea' id='block_1_3' title="bbox 547 620 707 681">
    <p class='ocr_par' dir='ltr' id='par_1_3' title="bbox 547 620 707 681">
     <span class='ocr_line' id='line_1_5' title="bbox 547 620 707 681; baseline -0.006 0"><span class='ocrx_word' id='word_1_26' title='bbox 547 620 707 681; x_wconf 82' lang='lat' dir='ltr'>LXXXIII.</span> 
     </span>
    </p>
   </div>
   <div class='ocr_carea' id='block_1_4' title="bbox 163 733 1018 1233">
    <p class='ocr_par' dir='ltr' id='par_1_4' title="bbox 163 733 1018 1233">
     <span class='ocr_line' id='line_1_6' title="bbox 187 733 961 815; baseline -0.005 -16"><span class='ocrx_word' id='word_1_27' title='bbox 187 739 303 799; x_wconf 88' lang='lat' dir='ltr'>Securo</span> <span class='ocrx_word' id='word_1_28' title='bbox 321 733 401 795; x_wconf 87' lang='lat' dir='ltr'><strong>nihil</strong></span> <span class='ocrx_word' id='word_1_29' title='bbox 416 740 464 794; x_wconf 86' lang='lat' dir='ltr'>est</span> <span class='ocrx_word' id='word_1_30' title='bbox 478 741 527 812; x_wconf 86' lang='lat' dir='ltr'>te,</span> <span class='ocrx_word' id='word_1_31' title='bbox 549 733 701 812; x_wconf 86' lang='lat' dir='ltr'>Naevole,</span> <span class='ocrx_word' id='word_1_32' title='bbox 723 735 828 815; x_wconf 80' lang='lat' dir='ltr'>peius3</span> <span class='ocrx_word' id='word_1_33' title='bbox 851 733 961 796; x_wconf 84' lang='lat' dir='ltr'>eodem</span> 
     </span>
     <span class='ocr_line' id='line_1_7' title="bbox 229 817 910 896; baseline -0.003 -14"><span class='ocrx_word' id='word_1_34' title='bbox 229 820 370 882; x_wconf 89' lang='lat' dir='ltr'>Sollicito</span> <span class='ocrx_word' id='word_1_35' title='bbox 386 817 465 878; x_wconf 87' lang='lat' dir='ltr'>nihil</span> <span class='ocrx_word' id='word_1_36' title='bbox 479 826 546 895; x_wconf 82' lang='lat' dir='ltr'>est,</span> <span class='ocrx_word' id='word_1_37' title='bbox 568 817 721 896; x_wconf 77' lang='lat' dir='ltr'>Naevole,</span> <span class='ocrx_word' id='word_1_38' title='bbox 743 824 776 879; x_wconf 90' lang='lat' dir='ltr'>te</span> <span class='ocrx_word' id='word_1_39' title='bbox 791 817 910 880; x_wconf 82' lang='lat' dir='ltr'>melius.</span> 
     </span>
     <span class='ocr_line' id='line_1_8' title="bbox 186 902 934 982; baseline -0.005 -16"><span class='ocrx_word' id='word_1_40' title='bbox 186 906 320 966; x_wconf 88' lang='lat' dir='ltr'>Securus</span> <span class='ocrx_word' id='word_1_41' title='bbox 335 902 454 963; x_wconf 91' lang='lat' dir='ltr'>nullum</span> <span class='ocrx_word' id='word_1_42' title='bbox 468 902 638 981; x_wconf 83' lang='lat' dir='ltr'>resolutas,</span> <span class='ocrx_word' id='word_1_43' title='bbox 661 902 796 982; x_wconf 78' lang='lat' dir='ltr'>despicis</span> <span class='ocrx_word' id='word_1_44' title='bbox 812 921 934 980; x_wconf 87' lang='lat' dir='ltr'>omues,</span> 
     </span>
     <span class='ocr_line' id='line_1_9' title="bbox 227 986 1018 1067; baseline 0 -17"><span class='ocrx_word' id='word_1_45' title='bbox 227 989 292 1050; x_wconf 90' lang='lat' dir='ltr'>Nec</span> <span class='ocrx_word' id='word_1_46' title='bbox 308 989 466 1067; x_wconf 88' lang='lat' dir='ltr'>quisquam</span> <span class='ocrx_word' id='word_1_47' title='bbox 479 986 579 1066; x_wconf 82' lang='lat' dir='ltr'>liber,</span> <span class='ocrx_word' id='word_1_48' title='bbox 600 1005 659 1047; x_wconf 90' lang='lat' dir='ltr'>nec</span> <span class='ocrx_word' id='word_1_49' title='bbox 674 988 731 1047; x_wconf 86' lang='lat' dir='ltr'>tibi</span> <span class='ocrx_word' id='word_1_50' title='bbox 745 992 834 1046; x_wconf 90' lang='lat' dir='ltr'>natus</span> <span class='ocrx_word' id='word_1_51' title='bbox 848 989 939 1047; x_wconf 91' lang='lat' dir='ltr'>homo</span> <span class='ocrx_word' id='word_1_52' title='bbox 956 987 1018 1051; x_wconf 60' lang='lat' dir='ltr'>estss</span> 
     </span>
     <span class='ocr_line' id='line_1_10' title="bbox 163 1071 985 1152; baseline -0.006 -16"><span class='ocrx_word' id='word_1_53' title='bbox 163 1072 346 1136; x_wconf 72' lang='lat' dir='ltr'>osollicitus</span> <span class='ocrx_word' id='word_1_54' title='bbox 362 1071 473 1150; x_wconf 82' lang='lat' dir='ltr'>donas,</span> <span class='ocrx_word' id='word_1_55' title='bbox 496 1071 651 1133; x_wconf 87' lang='lat' dir='ltr'>domiuum</span> <span class='ocrx_word' id='word_1_56' title='bbox 666 1090 835 1150; x_wconf 81' lang='lat' dir='ltr'>regemque</span> <span class='ocrx_word' id='word_1_57' title='bbox 851 1072 985 1152; x_wconf 85' lang='lat' dir='ltr'>solutus,</span> 
     </span>
     <span class='ocr_line' id='line_1_11' title="bbox 228 1154 816 1233; baseline -0.005 -15"><span class='ocrx_word' id='word_1_58' title='bbox 228 1159 356 1218; x_wconf 84' lang='lat' dir='ltr'>Invitas:</span> <span class='ocrx_word' id='word_1_59' title='bbox 379 1163 462 1232; x_wconf 81' lang='lat' dir='ltr'>esto,</span> <span class='ocrx_word' id='word_1_60' title='bbox 484 1154 635 1233; x_wconf 88' lang='lat' dir='ltr'>Naevole,</span> <span class='ocrx_word' id='word_1_61' title='bbox 657 1154 816 1216; x_wconf 84' lang='lat' dir='ltr'>sollicitus.</span> 
     </span>
    </p>
   </div>
   <div class='ocr_carea' id='block_1_5' title="bbox 538 1290 702 1353">
    <p class='ocr_par' dir='ltr' id='par_1_5' title="bbox 538 1290 702 1353">
     <span class='ocr_line' id='line_1_12' title="bbox 538 1290 702 1353; baseline 0.018 -3"><span class='ocrx_word' id='word_1_62' title='bbox 538 1290 702 1353; x_wconf 88' lang='lat' dir='ltr'>LXXXIV.</span> 
     </span>
    </p>
   </div>
   <div class='ocr_carea' id='block_1_6' title="bbox 68 1400 932 1734">
    <p class='ocr_par' dir='ltr' id='par_1_6' title="bbox 186 1400 756 1484">
     <span class='ocr_line' id='line_1_13' title="bbox 186 1400 756 1484; baseline -0.005 -19"><span class='ocrx_word' id='word_1_63' title='bbox 186 1405 254 1464; x_wconf 93' lang='lat' dir='ltr'>Non</span> <span class='ocrx_word' id='word_1_64' title='bbox 269 1410 318 1464; x_wconf 86' lang='lat' dir='ltr'>est</span> <span class='ocrx_word' id='word_1_65' title='bbox 330 1405 364 1462; x_wconf 89' lang='lat' dir='ltr'>iu</span> <span class='ocrx_word' id='word_1_66' title='bbox 378 1400 493 1484; x_wconf 92' lang='lat' dir='ltr'>populo</span> <span class='ocrx_word' id='word_1_67' title='bbox 508 1422 567 1463; x_wconf 94' lang='lat' dir='ltr'>nec</span> <span class='ocrx_word' id='word_1_68' title='bbox 582 1405 659 1463; x_wconf 87' lang='lat' dir='ltr'>urbe</span> <span class='ocrx_word' id='word_1_69' title='bbox 674 1409 756 1480; x_wconf 81' lang='lat' dir='ltr'>tota,</span> 
     </span>
    </p>

    <p class='ocr_par' dir='ltr' id='par_1_7' title="bbox 185 1486 753 1566">
     <span class='ocr_line' id='line_1_14' title="bbox 185 1486 753 1566; baseline -0.005 -18"><span class='ocrx_word' id='word_1_70' title='bbox 185 1491 213 1548; x_wconf 89' lang='lat' dir='ltr'>A</span> <span class='ocrx_word' id='word_1_71' title='bbox 228 1507 261 1548; x_wconf 86' lang='lat' dir='ltr'>se</span> <span class='ocrx_word' id='word_1_72' title='bbox 277 1486 397 1547; x_wconf 81' lang='lat' dir='ltr'>Thaida</span> <span class='ocrx_word' id='word_1_73' title='bbox 413 1489 465 1565; x_wconf 93' lang='lat' dir='ltr'>qui</span> <span class='ocrx_word' id='word_1_74' title='bbox 478 1489 592 1566; x_wconf 91' lang='lat' dir='ltr'>probet</span> <span class='ocrx_word' id='word_1_75' title='bbox 606 1488 753 1565; x_wconf 84' lang='lat' dir='ltr'>fututam,</span> 
     </span>
    </p>

    <p class='ocr_par' dir='ltr' id='par_1_8' title="bbox 188 1568 810 1651">
     <span class='ocr_line' id='line_1_15' title="bbox 188 1568 810 1651; baseline -0.002 -18"><span class='ocrx_word' id='word_1_76' title='bbox 188 1574 263 1633; x_wconf 80' lang='lat' dir='ltr'>Cum</span> <span class='ocrx_word' id='word_1_77' title='bbox 279 1569 368 1631; x_wconf 91' lang='lat' dir='ltr'>multi</span> <span class='ocrx_word' id='word_1_78' title='bbox 382 1573 506 1651; x_wconf 88' lang='lat' dir='ltr'>cupiant</span> <span class='ocrx_word' id='word_1_79' title='bbox 522 1578 695 1650; x_wconf 81' lang='lat' dir='ltr'>rogentque</span> <span class='ocrx_word' id='word_1_80' title='bbox 710 1568 810 1632; x_wconf 77' lang='lat' dir='ltr'>multi</span> 
     </span>
    </p>

    <p class='ocr_par' dir='ltr' id='par_1_9' title="bbox 68 1649 932 1734">
     <span class='ocr_line' id='line_1_16' title="bbox 68 1649 932 1734; baseline -0.001 -19"><span class='ocrx_word' id='word_1_81' title='bbox 68 1686 71 1692; x_wconf 92' lang='lat'>·</span> <span class='ocrx_word' id='word_1_82' title='bbox 187 1656 263 1715; x_wconf 87' lang='lat' dir='ltr'>Tam</span> <span class='ocrx_word' id='word_1_83' title='bbox 278 1660 361 1715; x_wconf 88' lang='lat' dir='ltr'>casta</span> <span class='ocrx_word' id='word_1_84' title='bbox 376 1660 440 1733; x_wconf 83' lang='lat' dir='ltr'>est,</span> <span class='ocrx_word' id='word_1_85' title='bbox 463 1672 555 1734; x_wconf 82' lang='lat' dir='ltr'>rogo,</span> <span class='ocrx_word' id='word_1_86' title='bbox 579 1655 697 1715; x_wconf 71' lang='lat' dir='ltr'>Thais?</span> <span class='ocrx_word' id='word_1_87' title='bbox 723 1654 816 1713; x_wconf 90' lang='lat' dir='ltr'>Immo</span> <span class='ocrx_word' id='word_1_88' title='bbox 832 1649 932 1714; x_wconf 88' lang='lat' dir='ltr'>fellat.</span> 
     </span>
    </p>
   </div>
   <div class='ocr_carea' id='block_1_7' title="bbox 548 1789 699 1850">
    <p class='ocr_par' dir='ltr' id='par_1_10' title="bbox 548 1789 699 1850">
     <span class='ocr_line' id='line_1_17' title="bbox 548 1789 699 1850; baseline 0.007 -1"><span class='ocrx_word' id='word_1_89' title='bbox 548 1789 699 1850; x_wconf 87' lang='lat' dir='ltr'>LXXXV.</span> 
     </span>
    </p>
   </div>
   <div class='ocr_carea' id='block_1_8' title="bbox 186 1899 1022 2068">
    <p class='ocr_par' dir='ltr' id='par_1_11' title="bbox 186 1899 1022 2068">
     <span class='ocr_line' id='line_1_18' title="bbox 186 1899 1022 1983; baseline 0 -22"><span class='ocrx_word' id='word_1_90' title='bbox 186 1899 249 1961; x_wconf 90' lang='lat' dir='ltr'>Nos</span> <span class='ocrx_word' id='word_1_91' title='bbox 266 1902 398 1962; x_wconf 83' lang='lat' dir='ltr'>bibImus</span> <span class='ocrx_word' id='word_1_92' title='bbox 414 1905 512 1983; x_wconf 84' lang='lat' dir='ltr'>vitro,</span> <span class='ocrx_word' id='word_1_93' title='bbox 534 1911 568 1964; x_wconf 90' lang='lat' dir='ltr'>tu</span> <span class='ocrx_word' id='word_1_94' title='bbox 582 1921 702 1979; x_wconf 89' lang='lat' dir='ltr'>murra,</span> <span class='ocrx_word' id='word_1_95' title='bbox 725 1901 865 1962; x_wconf 77' lang='lat' dir='ltr'>Pontice.</span> <span class='ocrx_word' id='word_1_96' title='bbox 894 1900 1022 1978; x_wconf 61' lang='lat' dir='ltr'>Quare?</span> 
     </span>
     <span class='ocr_line' id='line_1_19' title="bbox 228 1983 857 2068; baseline 0.005 -23"><span class='ocrx_word' id='word_1_97' title='bbox 228 1984 345 2046; x_wconf 78' lang='lat' dir='ltr'><strong>Prodat</strong></span> <span class='ocrx_word' id='word_1_98' title='bbox 357 1988 539 2068; x_wconf 87' lang='lat' dir='ltr'>perspicuus</span> <span class='ocrx_word' id='word_1_99' title='bbox 554 2005 594 2046; x_wconf 91' lang='lat' dir='ltr'>ne</span> <span class='ocrx_word' id='word_1_100' title='bbox 609 1986 669 2046; x_wconf 93' lang='lat' dir='ltr'>duo</span> <span class='ocrx_word' id='word_1_101' title='bbox 684 1986 754 2045; x_wconf 80' lang='lat' dir='ltr'>vina</span> <span class='ocrx_word' id='word_1_102' title='bbox 769 1983 857 2048; x_wconf 85' lang='lat' dir='ltr'>calix.</span> 
     </span>
    </p>
   </div>
   <div class='ocr_carea' id='block_1_9' title="bbox 537 2137 700 2200">
    <p class='ocr_par' dir='ltr' id='par_1_12' title="bbox 537 2137 700 2200">
     <span class='ocr_line' id='line_1_20' title="bbox 537 2137 700 2200; baseline -0.012 -2"><span class='ocrx_word' id='word_1_103' title='bbox 537 2137 700 2200; x_wconf 90' lang='lat' dir='ltr'>LXXXVI.</span> 
     </span>
    </p>
   </div>
   <div class='ocr_carea' id='block_1_10' title="bbox 143 2248 823 3168">
    <p class='ocr_par' dir='ltr' id='par_1_13' title="bbox 184 2248 740 2580">
     <span class='ocr_line' id='line_1_21' title="bbox 186 2248 703 2330; baseline 0.01 -24"><span class='ocrx_word' id='word_1_104' title='bbox 186 2248 219 2307; x_wconf 91' lang='lat' dir='ltr'>Si</span> <span class='ocrx_word' id='word_1_105' title='bbox 233 2250 278 2308; x_wconf 87' lang='lat' dir='ltr'>vis</span> <span class='ocrx_word' id='word_1_106' title='bbox 294 2251 417 2310; x_wconf 84' lang='lat' dir='ltr'>auribus</span> <span class='ocrx_word' id='word_1_107' title='bbox 431 2251 544 2310; x_wconf 82' lang='lat' dir='ltr'>Atticis</span> <span class='ocrx_word' id='word_1_108' title='bbox 559 2252 703 2330; x_wconf 83' lang='lat' dir='ltr'>probari,</span> 
     </span>
     <span class='ocr_line' id='line_1_22' title="bbox 184 2332 740 2413; baseline 0.007 -23"><span class='ocrx_word' id='word_1_109' title='bbox 184 2332 341 2393; x_wconf 82' lang='lat' dir='ltr'><strong>Exhortor</strong></span> <span class='ocrx_word' id='word_1_110' title='bbox 356 2352 529 2413; x_wconf 87' lang='lat' dir='ltr'>moneoque</span> <span class='ocrx_word' id='word_1_111' title='bbox 545 2342 593 2411; x_wconf 88' lang='lat' dir='ltr'>te,</span> <span class='ocrx_word' id='word_1_112' title='bbox 612 2332 740 2411; x_wconf 81' lang='lat' dir='ltr'>libelle,</span> 
     </span>
     <span class='ocr_line' id='line_1_23' title="bbox 184 2415 666 2497; baseline 0.01 -23"><span class='ocrx_word' id='word_1_113' title='bbox 184 2415 227 2475; x_wconf 94' lang='lat' dir='ltr'>Ut</span> <span class='ocrx_word' id='word_1_114' title='bbox 243 2415 333 2476; x_wconf 92' lang='lat' dir='ltr'>docto</span> <span class='ocrx_word' id='word_1_115' title='bbox 349 2417 470 2497; x_wconf 80' lang='lat' dir='ltr'>placeas</span> <span class='ocrx_word' id='word_1_116' title='bbox 486 2417 666 2496; x_wconf 78' lang='lat' dir='ltr'>Apollinari.</span> 
     </span>
     <span class='ocr_line' id='line_1_24' title="bbox 185 2497 695 2580; baseline 0.008 -23"><span class='ocrx_word' id='word_1_117' title='bbox 185 2497 236 2558; x_wconf 88' lang='lat' dir='ltr'>Nil</span> <span class='ocrx_word' id='word_1_118' title='bbox 250 2503 385 2560; x_wconf 84' lang='lat' dir='ltr'>exactius</span> <span class='ocrx_word' id='word_1_119' title='bbox 402 2499 617 2578; x_wconf 84' lang='lat' dir='ltr'>eruditiusque</span> <span class='ocrx_word' id='word_1_120' title='bbox 632 2508 695 2580; x_wconf 83' lang='lat' dir='ltr'>est,</span> 
     </span>
    </p>

    <p class='ocr_par' dir='ltr' id='par_1_14' title="bbox 165 2581 823 2998">
     <span class='ocr_line' id='line_1_25' title="bbox 165 2581 758 2665; baseline 0.002 -21"><span class='ocrx_word' id='word_1_121' title='bbox 165 2581 253 2644; x_wconf 75' lang='lat' dir='ltr'>bsed</span> <span class='ocrx_word' id='word_1_122' title='bbox 266 2601 325 2644; x_wconf 89' lang='lat' dir='ltr'>uec</span> <span class='ocrx_word' id='word_1_123' title='bbox 340 2583 499 2644; x_wconf 85' lang='lat' dir='ltr'>candidius</span> <span class='ocrx_word' id='word_1_124' title='bbox 515 2586 758 2665; x_wconf 83' lang='lat' dir='ltr'>benigniusque:</span> 
     </span>
     <span class='ocr_line' id='line_1_26' title="bbox 185 2666 697 2747; baseline 0.006 -21"><span class='ocrx_word' id='word_1_125' title='bbox 185 2666 219 2726; x_wconf 88' lang='lat' dir='ltr'>Si</span> <span class='ocrx_word' id='word_1_126' title='bbox 233 2673 265 2727; x_wconf 91' lang='lat' dir='ltr'>te</span> <span class='ocrx_word' id='word_1_127' title='bbox 280 2674 425 2747; x_wconf 85' lang='lat' dir='ltr'>pectore,</span> <span class='ocrx_word' id='word_1_128' title='bbox 447 2670 474 2727; x_wconf 86' lang='lat' dir='ltr'>si</span> <span class='ocrx_word' id='word_1_129' title='bbox 489 2670 611 2728; x_wconf 88' lang='lat' dir='ltr'>tenebit</span> <span class='ocrx_word' id='word_1_130' title='bbox 625 2688 697 2747; x_wconf 84' lang='lat' dir='ltr'>ore,</span> 
     </span>
     <span class='ocr_line' id='line_1_27' title="bbox 183 2748 800 2832; baseline 0.006 -23"><span class='ocrx_word' id='word_1_131' title='bbox 183 2748 249 2810; x_wconf 90' lang='lat' dir='ltr'>Nec</span> <span class='ocrx_word' id='word_1_132' title='bbox 263 2752 419 2812; x_wconf 87' lang='lat' dir='ltr'>rhonchos</span> <span class='ocrx_word' id='word_1_133' title='bbox 434 2759 553 2812; x_wconf 85' lang='lat' dir='ltr'>metues</span> <span class='ocrx_word' id='word_1_134' title='bbox 569 2753 800 2832; x_wconf 83' lang='lat' dir='ltr'>maligniorum,</span> 
     </span>
     <span class='ocr_line' id='line_1_28' title="bbox 183 2832 823 2899; baseline 0.009 -6"><span class='ocrx_word' id='word_1_135' title='bbox 183 2832 249 2894; x_wconf 92' lang='lat' dir='ltr'>Nec</span> <span class='ocrx_word' id='word_1_136' title='bbox 263 2837 412 2896; x_wconf 88' lang='lat' dir='ltr'>scombris</span> <span class='ocrx_word' id='word_1_137' title='bbox 428 2839 547 2897; x_wconf 85' lang='lat' dir='ltr'>tunicas</span> <span class='ocrx_word' id='word_1_138' title='bbox 563 2837 650 2899; x_wconf 88' lang='lat' dir='ltr'>dabis</span> <span class='ocrx_word' id='word_1_139' title='bbox 667 2837 823 2899; x_wconf 83' lang='lat' dir='ltr'>molestas.</span> 
     </span>
     <span class='ocr_line' id='line_1_29' title="bbox 185 2917 695 2998; baseline 0.01 -21"><span class='ocrx_word' id='word_1_140' title='bbox 185 2917 219 2978; x_wconf 87' lang='lat' dir='ltr'>Si</span> <span class='ocrx_word' id='word_1_141' title='bbox 235 2918 440 2998; x_wconf 86' lang='lat' dir='ltr'>damuaverit,</span> <span class='ocrx_word' id='word_1_142' title='bbox 463 2920 502 2980; x_wconf 92' lang='lat' dir='ltr'>ad</span> <span class='ocrx_word' id='word_1_143' title='bbox 515 2920 695 2983; x_wconf 76' lang='lat' dir='ltr'>salardorum</span> 
     </span>
    </p>

    <p class='ocr_par' dir='ltr' id='par_1_15' title="bbox 143 3003 724 3168">
     <span class='ocr_line' id='line_1_30' title="bbox 143 3003 724 3085; baseline 0.007 -23"><span class='ocrx_word' id='word_1_144' title='bbox 143 3011 177 3062; x_wconf 90' lang='lat'>10</span> <span class='ocrx_word' id='word_1_145' title='bbox 184 3003 299 3064; x_wconf 79' lang='lat' dir='ltr'>Curras</span> <span class='ocrx_word' id='word_1_146' title='bbox 315 3005 429 3064; x_wconf 86' lang='lat' dir='ltr'>scriuia</span> <span class='ocrx_word' id='word_1_147' title='bbox 442 3006 584 3085; x_wconf 89' lang='lat' dir='ltr'>protinus</span> <span class='ocrx_word' id='word_1_148' title='bbox 597 3004 724 3084; x_wconf 83' lang='lat' dir='ltr'>licebit,</span> 
     </span>
     <span class='ocr_line' id='line_1_31' title="bbox 183 3087 687 3168; baseline 0.01 -22"><span class='ocrx_word' id='word_1_149' title='bbox 183 3087 307 3149; x_wconf 86' lang='lat' dir='ltr'>Inversa</span> <span class='ocrx_word' id='word_1_150' title='bbox 321 3090 427 3168; x_wconf 85' lang='lat' dir='ltr'>pueris</span> <span class='ocrx_word' id='word_1_151' title='bbox 443 3088 557 3148; x_wconf 92' lang='lat' dir='ltr'>arande</span> <span class='ocrx_word' id='word_1_152' title='bbox 574 3091 687 3151; x_wconf 88' lang='lat' dir='ltr'>charta.</span> 
     </span>
    </p>
   </div>
   <div class='ocr_carea' id='block_1_11' title="bbox 532 3217 710 3286">
    <p class='ocr_par' dir='ltr' id='par_1_16' title="bbox 532 3217 710 3286">
     <span class='ocr_line' id='line_1_32' title="bbox 532 3217 710 3286; baseline 0.017 -3"><span class='ocrx_word' id='word_1_153' title='bbox 532 3217 710 3286; x_wconf 89' lang='lat' dir='ltr'>LXXXVII.</span> 
     </span>
    </p>
   </div>
   <div class='ocr_carea' id='block_1_12' title="bbox 183 3333 954 3500">
    <p class='ocr_par' dir='ltr' id='par_1_17' title="bbox 183 3333 954 3500">
     <span class='ocr_line' id='line_1_33' title="bbox 183 3333 954 3418; baseline 0.008 -25"><span class='ocrx_word' id='word_1_154' title='bbox 183 3333 338 3395; x_wconf 81' lang='lat' dir='ltr'>Infantem</span> <span class='ocrx_word' id='word_1_155' title='bbox 352 3353 456 3395; x_wconf 89' lang='lat' dir='ltr'>secum</span> <span class='ocrx_word' id='word_1_156' title='bbox 472 3355 595 3416; x_wconf 89' lang='lat' dir='ltr'>semper</span> <span class='ocrx_word' id='word_1_157' title='bbox 612 3342 663 3396; x_wconf 86' lang='lat' dir='ltr'>tua</span> <span class='ocrx_word' id='word_1_158' title='bbox 676 3338 785 3415; x_wconf 87' lang='lat' dir='ltr'>Bassa,</span> <span class='ocrx_word' id='word_1_159' title='bbox 806 3337 954 3418; x_wconf 71' lang='lat' dir='ltr'>Fabulle,</span> 
     </span>
     <span class='ocr_line' id='line_1_34' title="bbox 226 3417 836 3500; baseline 0.005 -21"><span class='ocrx_word' id='word_1_160' title='bbox 226 3417 367 3480; x_wconf 77' lang='lat' dir='ltr'>Collocat</span> <span class='ocrx_word' id='word_1_161' title='bbox 380 3425 414 3479; x_wconf 89' lang='lat' dir='ltr'>et</span> <span class='ocrx_word' id='word_1_162' title='bbox 424 3417 511 3480; x_wconf 89' lang='lat' dir='ltr'>lusus</span> <span class='ocrx_word' id='word_1_163' title='bbox 527 3419 717 3500; x_wconf 89' lang='lat' dir='ltr'>deliciasque</span> <span class='ocrx_word' id='word_1_164' title='bbox 731 3428 836 3498; x_wconf 78' lang='lat' dir='ltr'>vocat,</span> 
     </span>
    </p>
   </div>
   <div class='ocr_carea' id='block_1_13' title="bbox 0 0 1190 3840">
    <p class='ocr_par' dir='ltr' id='par_1_18' title="bbox 0 0 1190 3840">
     <span class='ocr_line' id='line_1_35' title="bbox 0 0 1190 3840; baseline 0 3"><span class='ocrx_word' id='word_1_165' title='bbox 0 0 1190 3840; x_wconf 95' lang='lat' dir='ltr'> </span> 
     </span>
    </p>
   </div>
  </div>
 </body>
</html>
