2370 3840
121 179 183 250 298
443 183 488 244 Μ
503 182 595 245 VAL.
612 182 840 244 ornamus

209 339 361 412 Quantum
375 333 489 394 Lesbia
504 354 565 394 non
581 333 669 394 dedit
683 333 816 396 Catullo.

207 421 255 480 Te
268 420 379 479 vicinia
391 425 473 494 tota,
488 425 522 478 te
536 417 654 498 pilosus

185 505 341 564 5Hirooso
360 505 475 582 premit
490 502 595 562 osculo
612 502 746 563 colonus.

173 629 184 647 s
206 589 397 647 Hinoinstat
411 588 467 646 tibi
484 593 602 664 textor,
620 585 694 645 inde
709 584 803 662 fullo,

205 672 287 731 Hine
302 676 388 730 autor
402 669 493 730 modo
508 669 592 749 pelle
605 671 738 746 basiata,

205 756 286 814 Hine
300 755 397 814 menti
411 753 551 814 dominus
565 751 754 834 pediculoai,

205 839 286 897 Hinc
301 847 320 910 †
336 836 526 916 desioculus,
548 837 622 896 inde
635 836 753 917 lippus,

165 921 403 1000 loFellatorque
417 939 589 1000 recensque
605 921 807 999 cunuilingus

205 1005 266 1065 Iam
282 1007 363 1065 tanti
376 1006 433 1065 tibi
448 1025 510 1064 non
524 1005 584 1064 fuit
597 1004 713 1064 redire.

610 1137 675 1200 Lx.

205 1253 316 1313 Martis
332 1247 452 1310 alumne
467 1249 550 1327 dies,
569 1269 690 1310 roseam
706 1269 765 1329 quo
779 1247 919 1329 lampada
932 1249 1070 1330 prlmum

247 1337 420 1413 Magnaque
435 1333 552 1395 siderei
566 1333 696 1395 vidimus
711 1354 765 1394 ora
779 1331 846 1410 dei,

206 1420 239 1480 Si
253 1427 286 1479 te
301 1437 374 1479 rure
391 1417 452 1478 ooli
470 1419 646 1498 viridesque
661 1417 791 1499 pudebit
805 1416 844 1477 ad
858 1437 941 1495 aras,

199 1541 201 1544 >
249 1504 308 1577 Qui
323 1503 427 1560 fueras
443 1502 531 1562 Latia
547 1502 649 1563 cultus
662 1505 695 1561 in
709 1502 786 1562 urbe
802 1502 893 1560 mihi:

184 1587 253 1648 5Da
266 1586 401 1662 veniam,
423 1587 541 1646 servire
554 1589 632 1646 meis
648 1585 731 1665 quod
744 1583 817 1646 nolo
832 1582 999 1664 Kalendis,

247 1671 289 1729 Et
305 1688 363 1748 qua
381 1687 447 1728 sum
461 1671 600 1748 genitus,
620 1671 724 1730 vivere
738 1666 810 1729 luce
825 1667 905 1730 volo.

580 1802 650 1880 ux,
671 1802 701 1866 a.
795 1816 797 1819 ·

204 1911 306 1974 Natali
320 1911 441 1994 pallere
456 1933 527 1990 suo,
544 1933 584 1973 ne
600 1912 687 1974 calda
702 1912 826 1974 Sabello

246 1998 335 2058 Desit
349 2004 381 2058 et
395 2004 429 2076 ut
442 1997 593 2078 liquidum
606 2004 695 2079 potet
709 1991 827 2058 Alauda
840 2017 974 2076 merum,
996 2044 1000 2052 -

209 2080 348 2142 Turbida
361 2081 495 2143 sollicito
511 2085 722 2144 transmittere
738 2083 879 2142 Caecuba
893 2101 1001 2164 saeco,

246 2167 349 2245 Atque
363 2169 446 2227 inter
459 2186 580 2228 mensas
594 2169 660 2245 ire,
681 2165 787 2226 redire
803 2184 889 2241 suas3

183 2247 358 2329 ollxoipere
373 2252 431 2311 hos
444 2250 533 2330 illos,
557 2258 590 2311 et
603 2257 669 2311 tota
684 2268 812 2328 surgere
829 2268 905 2310 cena

246 2333 402 2394 Marmora
416 2333 583 2395 calcantem
599 2334 761 2414 frigidiora
775 2331 863 2412 gelu:

205 2416 289 2492 Quae
305 2419 384 2479 ratio
399 2424 463 2496 est,
481 2421 559 2479 haec
574 2426 684 2499 sponte
699 2437 753 2478 sua
766 2418 909 2497 perferre
922 2418 1074 2498 patique,

247 2501 330 2576 Quae
345 2510 378 2563 te
393 2504 420 2562 si
434 2503 539 2571 iubeat
554 2521 609 2562 rex
625 2502 843 2581 dominusque,
863 2501 983 2580 neges?
1000 2545 1001 2549 ,

597 2633 674 2696 LXI.

203 2743 321 2805 Versus
334 2751 367 2804 et
379 2747 474 2806 breve
488 2745 682 2825 vividumque
698 2765 821 2807 carmen

142 2855 144 2860 ·
202 2826 237 2886 ln
251 2833 337 2887 tene
351 2830 476 2908 faciam,
498 2831 605 2909 times,
625 2831 772 2909 Ligurra,
918 2820 933 2833 ⁹

202 2911 244 2969 Et
257 2909 366 2988 dignus
382 2915 467 2993 cupis
482 2916 542 2975 hoo
556 2921 640 2974 metu
655 2914 764 2974 rideri.

203 2991 266 3052 Sed
277 2994 394 3054 frustra
406 3000 518 3057 metuis
533 2999 681 3078 cupisque
695 3000 821 3058 frustra.

181 3076 237 3136 5111
251 3083 355 3136 tauros
368 3078 477 3157 Libyoi
489 3088 582 3141 ruunt
594 3081 719 3158 leones,

201 3160 270 3220 Non
284 3167 356 3220 sunt
369 3161 574 3240 papilionibus
588 3164 721 3227 molesti.

204 3245 357 3323 Quaeras,
380 3263 508 3323 censeo,
531 3249 558 3307 si
571 3246 636 3326 legi
649 3247 791 3327 laboras,

200 3326 289 3406 Nigri
302 3329 430 3392 fornicis
445 3329 564 3389 ebrium
578 3338 718 3410 poetam,

68 3420 115 3620 ι
204 3411 263 3487 Qui
279 3414 411 3474 carbone
425 3411 496 3473 rudi
512 3414 658 3494 putrique
674 3423 760 3477 oreta
