2370 3840
477 207 521 268 M.
539 206 629 269 VAL.
646 206 870 268 MAR'PlALlS

615 405 734 468 LXXll.

236 525 367 586 Frustra
381 521 553 583 Blanditiae
566 523 679 582 venitis
693 520 793 580 adme

124 600 127 607 ’
238 608 364 667 Attritis
379 605 572 666 miserabiles
586 603 719 666 labellis.

238 692 382 750 Dicturus
397 688 551 749 dominum
567 689 719 767 deumque
737 706 798 747 non
814 704 888 746 snm.
967 728 972 737 ,

236 775 297 834 lam
314 794 376 834 non
392 779 440 833 est
452 772 540 833 locus
554 774 612 832 hac
628 773 661 831 in
676 773 752 830 urbe
766 770 869 844 vobim

215 857 286 921 5Ad
299 858 431 917 Parthos
445 855 554 935 procul
567 858 612 915 ite
625 854 757 935 pileatos

235 943 278 1002 Et
292 948 399 1020 turpes
419 939 611 1018 humilesque
626 938 842 1018 supplicesque

239 1026 396 1084 Pictorum
412 1020 478 1082 sola
492 1023 608 1082 basiate
624 1041 740 1100 regum.

236 1107 305 1168 Non
321 1114 370 1166 est
383 1107 434 1166 hic
449 1105 605 1183 dominus,
628 1105 683 1164 sed
698 1107 883 1183 imperator,

237 1191 301 1251 Sed
314 1191 497 1251 iustissimus
516 1191 648 1249 omniurn
664 1195 803 1264 senator,

196 1277 296 1338 loPer
311 1293 402 1353 quem
416 1273 455 1333 de
470 1273 576 1352 Stygia
591 1272 680 1333 domo
694 1271 824 1331 reducta
840 1278 889 1330 est

236 1359 333 1419 Siccis
348 1359 463 1418 rustica
479 1357 603 1419 Veritas
618 1354 745 1436 capillis.

235 1441 303 1501 Hoc
318 1443 373 1501 sub
388 1443 546 1521 principe,
569 1443 596 1500 si
611 1442 706 1521 sapis,
730 1445 852 1516 caveto,

236 1525 366 1601 Verbis,
388 1524 498 1601 Roma,
520 1525 675 1604 prioribus
688 1523 837 1602 loquaris.

605 1656 737 1717 LXXlll.

236 1767 357 1827 Littera
370 1767 494 1827 lacundi
511 1773 630 1846 gratnm
645 1769 720 1826 mihi
734 1769 843 1847 pignus
858 1768 947 1828 amici

278 1849 428 1928 Pertulit,
448 1851 601 1910 Ausoniae
619 1849 698 1910 dona
714 1853 846 1930 superba
860 1858 966 1930 togae,

237 1934 303 2009 Qua
317 1952 379 1993 non
392 1935 570 2012 Fabricius,
592 1934 649 1994 sed
662 1934 758 1994 vellet
773 1935 898 2014 Apicius
916 1936 977 2013 uti,

277 2016 384 2079 Vellet
399 2018 563 2078 Maecenas
579 2019 779 2079 Caesarianus
794 2037 899 2097 eques.

215 2099 340 2164 5Vilior
357 2103 434 2163 haec
451 2103 540 2163 nobis
557 2100 616 2162 alio
633 2104 777 2163 mittente
791 2103 915 2162 fuisset:

277 2186 346 2245 Non
361 2205 541 2265 quacunque
556 2207 647 2247 manu
664 2189 786 2246 victima
800 2204 888 2246 caesa
903 2185 983 2248 litat.

235 2269 310 2328 Ate
324 2270 416 2329 missa
428 2271 523 2333 venit.
556 2271 682 2330 Possem
697 2271 756 2329 nisi
772 2289 878 2329 munus
894 2289 1011 2348 amare,

276 2352 398 2429 Marce,
414 2358 515 2430 taum,
533 2360 672 2432 poteram
686 2372 799 2413 nomen
816 2372 917 2429 amare
934 2372 1044 2414 meum

233 2435 366 2495 Munere
382 2434 439 2495 sed
453 2438 521 2516 plus
537 2443 585 2496 est
600 2444 632 2497 et
645 2439 768 2496 nomine
783 2438 899 2515 gratius
915 2438 983 2518 ipso

194 2527 227 2577 10
276 2518 420 2578 Officium
435 2519 517 2579 docti
535 2519 742 2599 iudiciumque
758 2522 826 2580 siri.

605 2664 737 2727 LXXIV.

232 2773 294 2832 lam
308 2793 401 2852 parce
414 2775 513 2855 lasso,
535 2777 645 2856 Roma,
668 2777 879 2856 gratulatori,¹

232 2854 327 2917 Lasso
344 2856 458 2920 clienti.
491 2860 640 2936 Quamdiu
655 2861 802 2922 salutator

232 2939 493 3002 Anteambulones
508 2950 541 3004 et
555 2944 706 3024 togatulos
723 2947 806 3005 inter

198 3082 199 3085 ,
233 3022 364 3082 Centum
377 3027 522 3085 merebor
535 3027 696 3107 plumbeos
712 3028 763 3089 die
778 3034 862 3106 toto,

210 3105 311 3166 tcum
325 3104 460 3187 Scorpus
475 3128 533 3168 una
549 3113 723 3187 quindecim
738 3130 845 3191 graves
862 3113 940 3172 bora

229 3188 393 3249 FerventIs
412 3191 477 3249 auri
492 3192 589 3252 victor
604 3197 723 3255 auferat
737 3196 864 3257 saccos?

229 3272 298 3332 Non
312 3291 369 3352 ego
384 3291 521 3333 meorum
535 3280 702 3354 praemium
716 3279 907 3355 libellorum,

233 3389 269 3397 ·-
287 3356 366 3431 Quid
382 3359 464 3418 enim
480 3361 662 3419 merentur?
677 3392 721 3409 —-
734 3361 872 3442 Appulos
887 3360 981 3423 velim
997 3382 1142 3444 eampos;

229 3436 298 3498 Non
312 3441 430 3522 Hybla,
453 3461 514 3502 non
528 3461 577 3502 me
592 3445 719 3523 spicifer
735 3447 817 3525 capit
831 3444 936 3523 Nilus,
