2370 3840
302 196 793 259 nnronnuuauonmnm.
1009 155 1071 257 197

115 348 226 410 Nullos
241 348 375 426 denique
389 366 448 428 per
465 347 539 408 deos
555 346 689 426 deasque

115 435 198 494 lurat
214 430 333 509 Gellia,
355 431 412 492 sed
426 451 484 512 per
498 432 637 493 uniones.

93 518 183 582 5Hos
199 514 412 597 amplectitur,
432 517 489 576 hoa
503 512 736 595 peroscnlatur‚

114 604 181 662 Hos
196 601 311 661 fratres
326 607 415 660 vocat
429 605 463 659 et
475 604 565 659 vocat
579 617 703 658 sorores
711 642 720 678 ,

114 686 180 746 Hos
195 687 275 745 natis
295 689 375 745 amat
390 685 490 743 acrius
506 682 630 744 duabus.

113 770 172 830 His
188 771 289 848 siquo
306 773 410 828 careat
422 765 541 827 misella
557 785 643 844 casu,

112 854 271 916 Victuram
286 859 380 931 neget
394 870 463 911 esse
478 870 512 912 se
526 869 585 910 nec
597 852 713 911 horam.

73 938 215 1014 lollhen,
238 937 421 1017 quambene
436 955 533 1012 nunc,
554 934 735 1014 Papiriano,

113 1022 234 1081 Annaei
248 1021 369 1081 faceret
383 1039 489 1079 manus
504 1019 630 1078 Sereni!

475 1151 623 1215 LXXXll.

113 1267 212 1326 Dante
227 1267 286 1326 tibi
299 1266 391 1326 turba
406 1264 570 1345 querulos,
592 1267 749 1342 Auguste,
769 1261 911 1340 libellos,

155 1350 217 1410 Nos
232 1368 355 1428 quoquc
371 1348 454 1427 quod
469 1349 592 1408 domino
607 1349 740 1407 carmina
753 1367 846 1427 parva
861 1346 981 1426 damus,

112 1433 209 1492 Posse
227 1433 318 1492 deum
331 1435 425 1492 rebus
439 1432 559 1512 pariter
573 1431 734 1509 Musisque
749 1449 858 1492 vacare

158 1517 292 1592 Scimus,
313 1516 436 1577 ethaeo
451 1517 543 1577 eiiam
561 1521 645 1577 serta
660 1513 787 1595 placere
799 1516 868 1579 tibi.

92 1599 180 1662 5Fer
193 1606 293 1678 vates,
312 1600 467 1679 Auguste,
488 1606 573 1661 tuos:
595 1619 652 1660 nos
667 1598 767 1678 gloria
784 1596 900 1677 dulcis,

156 1686 219 1744 Nos
232 1691 285 1744 tua
300 1704 373 1744 cura
386 1686 474 1764 prior
491 1683 683 1764 deliciaeque
699 1703 811 1745 sumus.

113 1767 183 1827 Non
201 1787 334 1848 quercus
348 1775 381 1828 te
397 1768 463 1828 sola
477 1767 585 1848 decet,
606 1787 665 1828 nec
680 1766 788 1829 laurea
805 1767 940 1828 Phoebia

155 1851 226 1912 Fiat
239 1861 272 1911 et
287 1872 324 1912 ex
337 1852 455 1913 hedera
471 1854 566 1921 civica
580 1858 687 1912 nostra
699 1853 766 1912 tibi.

323 2313 368 2385 n.
398 2311 501 2384 vnn.
531 2307 786 2413 nanninus

236 2478 870 2592 lll'lllliillllllllll

439 2664 674 2761 ulnulalx.

115 2851 214 2926 Note,
234 2848 313 2909 licet
326 2849 423 2928 nolis,
444 2848 566 2910 sublimi
580 2857 714 2930 pectore
724 2854 825 2921 vates,

159 2935 217 2994 Oui
232 2933 353 2993 referet
367 2952 454 2994 serus
469 2937 605 3014 praemia
620 2932 712 3012 digna
726 2934 820 3010 cinis,
891 2971 893 2974 <

117 3019 186 3078 Hoc
200 3019 259 3078 tibi
273 3019 328 3077 snb
343 3024 449 3077 nostra
463 3019 559 3079 breve
574 3036 698 3078 carmen
713 3018 847 3096 imagine
860 3016 958 3094 vivat,

159 3103 255 3178 Quam
268 3120 330 3161 non
347 3102 485 3161 obscuris
499 3102 617 3178 iungis,
639 3102 747 3179 Avite,
769 3103 860 3160 viris:

74 3184 163 3246 cille
177 3207 237 3268 ogo
251 3205 321 3247 aum
337 3184 421 3245 nulli
432 3204 591 3265 nugarum
607 3185 703 3245 laudo
715 3185 889 3259 socundus,

162 3269 260 3343 Quem
274 3290 338 3330 non
352 3269 492 3343 miraris,
514 3268 572 3327 sed
579 3276 677 3348 puto,
700 3269 817 3346 lector,
837 3285 935 3326 amaa.

118 3352 253 3414 Maiores
267 3355 387 3414 onuiora
400 3359 530 3412 sonent:
550 3352 627 3412 milri
632 3371 735 3431 paruo
750 3352 855 3411 locuto

49 3505 57 3511 q
159 3435 286 3517 Sufficit
301 3439 334 3497 in
349 3444 472 3497 oestron
488 3455 581 3517 coepe
595 3435 699 3494 redire
713 3453 835 3494 munus.
