2370 3840
102 3486 129 3621 t

165 163 203 226 16
485 160 529 222 Μ.
545 158 636 222 VAL.
652 157 878 219 MARTIALIS

248 313 331 394 Quid
344 313 469 392 dignum
483 317 570 372 tanto
586 312 645 371 tibi
662 316 772 370 ventre
786 308 919 390 gulaque
933 283 1120 391 precabor‘l·

288 397 432 460 Boletum
446 395 566 477 qualem
581 393 727 456 Claudius
742 393 825 473 edit,
848 393 931 455 edas.

639 528 719 592 XXI.

150 624 167 686 'c
248 644 324 707 cum
338 649 464 725 peteret
477 660 583 721 regem
598 640 729 722 decepta
743 638 880 703 satellite
894 640 1019 719 dextra,

286 729 418 808 ingessit
431 727 526 787 sacris
542 745 575 786 se
589 726 728 806 peritura
742 726 829 787 iocis.

247 811 310 873 Sed
323 819 385 874 tam
400 830 488 873 saeva
502 812 571 892 pius
585 809 730 870 miracula
744 830 806 870 nou
821 808 894 870 tulit
907 810 1006 871 hostis

288 897 330 958 Et
343 903 465 977 raptum
478 895 607 955 flammis
621 895 711 955 iussit
726 895 811 954 abire
826 895 933 959 virum.

224 981 350 1044 5Urere
366 1000 455 1060 quam
468 980 570 1060 potuit
587 984 763 1059 contempto
779 978 900 1040 Mucius
914 979 996 1057 igni,

288 1066 377 1126 Hanc
395 1069 538 1146 spectare
553 1082 675 1140 manum
689 1063 827 1123 Porsena
840 1082 902 1122 non
916 1063 1026 1144 potuit.

246 1150 348 1212 Maior
363 1146 513 1229 deceptae
526 1148 606 1208 lama
618 1152 667 1207 est
680 1153 713 1212 et
727 1145 826 1224 gloria
842 1145 984 1208 dextrae:

288 1232 322 1294 Si
336 1252 398 1292 non
413 1236 565 1310 errasset,
584 1231 705 1338 iecerat
717 1228 774 1291 illa
787 1232 894 1290 minus.

631 1363 724 1426 XXII.
738 1419 740 1424 .

246 1477 330 1556 Quid
345 1497 408 1537 non
424 1494 513 1537 saeva
526 1476 607 1554 iugis
622 1472 739 1556 placidi
752 1474 841 1556 lepus
857 1485 911 1534 ora
925 1472 1047 1535 leonis?

288 1561 448 1639 Frangere
465 1566 526 1619 tam
541 1578 650 1639 parvas
664 1577 727 1618 non
742 1557 880 1620 didicere
897 1560 992 1622 feras.

246 1645 414 1706 Servantur
432 1643 548 1721 magnis
562 1643 614 1703 isti
631 1642 801 1702 cervicibus
815 1661 932 1721 ungues

287 1729 352 1788 Nec
367 1726 479 1806 gaudet
494 1727 580 1785 tenui
595 1727 742 1806 sanguiue
754 1732 839 1787 tanta
854 1727 929 1786 sitis.

224 1811 367 1875 5Praeda
383 1830 490 1871 cauum
504 1809 592 1892 lepus
607 1816 671 1888 est,
692 1814 793 1870 vastos
806 1830 868 1871 non
884 1808 993 1892 Implet
1007 1811 1123 1872 hiatus:

287 1896 355 1956 Nou
369 1896 477 1955 timeat
492 1895 590 1955 Dacus
607 1895 747 1956 GaesarIs
762 1915 845 1955 arma
858 1906 964 1976 poem·

633 2044 739 2108 XXIII.

244 2156 357 2218 Invitas
372 2155 489 2217 nullum
504 2157 565 2217 nisi
580 2176 648 2218 cum
664 2177 739 2237 quo,
762 2155 870 2236 Cotta,
891 2155 1013 2222 lavaris*

287 2242 329 2302 nt
344 2240 418 2302 dant
433 2241 587 2302 convivam
601 2240 712 2303 balnea
727 2240 794 2301 sola
808 2243 875 2302 tibi.

186 2371 189 2377 -
244 2326 399 2402 Mirabar,
423 2343 517 2405 quare
531 2345 685 2402 nunquam
698 2342 765 2400 me,
788 2323 896 2401 Cotta,
918 2342 1074 2384 vocasses:

287 2408 349 2467 lam
363 2408 442 2485 scio,
464 2405 640 2466 menardum
656 2404 850 2486 displicuisse
864 2408 930 2468 tibi.

630 2538 738 2602 xxm.
807 2622 809 2627 .

246 2655 368 2736 Aspicis
382 2655 548 2736 Incomptis
562 2652 667 2732 illum,
689 2654 840 2733 Deciane,
863 2654 1003 2737 caleIis,

290 2738 384 2800 Guius
400 2741 515 2821 etipse
533 2740 624 2799 times
638 2739 731 2799 triste
747 2737 962 2820 supercilium,

246 2822 307 2899 Qui
321 2821 459 2902 loquiIur
473 2823 584 2884 Ourios
601 2830 833 2902 assertoresque
848 2822 1017 2886 Gamillos‘i

287 2905 391 2967 Nolito
406 2905 663 2968 frontircredere:
683 2908 788 2988 nupsit
798 2908 877 2968 heri.

630 3040 725 3104 XXV.

144 3224 148 3233 ¹
247 3152 315 3216 Ede
334 3137 541 3215 tuos'tmdem
555 3153 688 3235 populo,
708 3154 874 3234 Faustine,
893 3152 1018 3214 libellos

288 3238 330 3298 nt
345 3236 458 3298 cultum
474 3237 564 3298 docto
580 3245 709 3319 pectore
723 3240 832 3319 profer
847 3258 939 3319 opus,

247 3320 338 3399 Quod
352 3341 410 3383 nec
427 3322 598 3404 Cecropiae
613 3322 759 3384 damnent
773 3322 939 3384 Pandionis
954 3340 1042 3384 arcea

288 3405 353 3467 Nec
367 3405 480 3468 sileant
493 3409 593 3468 nostri
607 3414 868 3489 praetereantque
882 3426 981 3471 senes.
