2370 3840
328 190 669 255 EPIGRAMMATON
680 192 755 254 LIB.
771 192 821 257 111.
1054 192 1096 260 67

135 347 266 408 Possum
280 346 456 421 Hecubam,
477 363 603 424 possum
615 344 760 424 Niobam,
781 346 946 427 Matrinia,
968 345 1024 408 sed
1039 349 1067 408 si

178 429 323 530 Nondum
338 431 400 491 erit
413 429 468 490 illa
483 429 582 506 canis,
604 427 740 489 nondum
756 432 817 491 erit
832 429 889 492 illa
901 431 991 514 lapis.

503 562 640 624 XXXIII.

135 680 302 758 Ingenuam
316 675 414 756 malo,
437 675 495 736 sed
509 677 535 736 si
550 682 653 736 tamen
666 673 722 735 Illa
736 683 885 756 negetur,

178 763 340 824 Libertina
355 763 429 821 mihi
443 761 582 840 proxima
597 758 734 820 conditio
752 768 816 821 est:

135 849 284 910 Extremo
299 853 348 906 eat
362 843 476 906 ancilla
486 844 573 905 Ioco:
595 844 652 905 sed
668 846 772 905 vincet
786 852 963 926 utramque,
991 905 994 910 .

180 932 215 992 Si
228 932 310 993 facie
324 932 414 997 nobIs
426 931 503 991 haec
518 930 581 988 erit
594 931 736 1008 ingenua.

505 1064 645 1127 XXXIV.

137 1183 237 1260 Digna
249 1187 302 1241 tuo
318 1200 373 1240 cur
390 1181 432 1239 sis
445 1179 634 1258 Indignaque
649 1180 790 1258 nomine,
813 1180 920 1242 dicam.

178 1264 307 1345 Frigida
321 1283 355 1324 es
369 1270 402 1324 et
415 1265 504 1343 nigra
519 1282 568 1323 es:
587 1283 650 1322 non
662 1281 696 1323 es
712 1269 744 1323 et
760 1281 793 1324 es
809 1265 938 1328 chione.

509 1395 636 1460 XXXV.

136 1512 223 1573 Artis
237 1508 403 1570 Phidiacae
418 1516 560 1569 toreuma
575 1507 691 1569 clarum

136 1597 243 1658 Pisces
258 1595 387 1675 aspiciet
410 1592 490 1653 adde
508 1613 633 1674 aquam,
655 1594 814 1653 natabunt.

505 1744 645 1806 XXXVI.

138 1857 229 1938 Quod
242 1877 338 1919 novus
351 1864 383 1918 et
397 1876 497 1938 nuper
510 1858 611 1918 factus
625 1857 684 1916 tibi
698 1861 837 1936 praestat
853 1856 984 1934 amicus,

179 1945 248 2004 Hoc
261 1949 423 2024 praestare
437 1944 527 2002 iubes
544 1960 610 2020 me,
631 1942 784 2019 Fabiaue,
807 1941 881 2001 tibi=

134 2027 291 2089 Horridus
305 2034 340 2087 ut
350 2028 450 2107 primo
465 2034 499 2087 te
515 2044 638 2106 semper
653 2044 743 2084 mane
758 2024 889 2084 salutem

178 2114 240 2173 Per
254 2110 451 2190 mediumque
465 2112 569 2171 trahat
583 2128 632 2168 me
646 2115 699 2169 tua
714 2107 792 2168 sella
805 2107 919 2185 lutum,

114 2198 251 2259 5Lassus
264 2204 300 2256 ut
313 2197 346 2254 in
360 2197 497 2256 thermas
512 2194 631 2254 decima
644 2191 694 2252 veI
711 2193 811 2252 serius
825 2193 903 2252 hora

180 2282 228 2342 Te
243 2299 356 2360 sequar
370 2280 543 2361 Agrippae,
566 2298 633 2339 cum
649 2274 737 2336 laver
751 2278 819 2356 ipse
836 2277 912 2337 Titi.

136 2366 206 2427 Hoc
220 2384 279 2444 per
293 2365 422 2443 triginta
436 2365 550 2442 merui,
572 2363 726 2440 Fabiana,
749 2362 954 2437 Decembres,

178 2451 222 2511 Ut
236 2451 293 2509 sim
308 2451 370 2508 tiro
385 2454 456 2509 tuae
471 2466 595 2529 semper
610 2446 784 2507 amicitiae?

136 2535 205 2596 Hcc
220 2535 338 2613 meruI,
358 2532 512 2611 Fabiane,
532 2539 606 2611 toga
621 2532 757 2610 tritaque
771 2547 919 2610 meaque,

92 2630 129 2683 10
176 2619 221 2680 Ut
234 2617 369 2678 nondum
386 2617 495 2677 credas
511 2635 560 2676 me
575 2618 726 2676 meruisse
741 2613 874 2688 rudem?

497 2751 650 2814 XXXVII.

136 2871 231 2930 Irasci
245 2874 364 2930 tantum
378 2869 489 2930 felices
503 2869 602 2929 nostis
618 2869 717 2928 amici.

136 2954 207 3016 Non
221 2952 306 3014 belle
321 2955 443 3032 facitis,
465 2951 522 3014 sed
536 2955 620 3013 iuvat
631 2954 706 3013 boc:
726 2951 831 3013 facite.
888 3013 890 3018 ,

383 3072 386 3078 ’
495 3087 660 3150 xxxvm.

137 3203 223 3279 Quae
237 3207 270 3261 te
286 3222 377 3263 causa
392 3203 489 3262 trahit
502 3200 553 3262 vel
569 3220 646 3282 quae
658 3199 771 3260 fiducia
788 3199 933 3277 Romam,
1029 3196 1032 3200 ’

179 3286 299 3346 Sexte?
319 3286 394 3366 quid
409 3293 462 3346 aut
473 3304 580 3367 speras
597 3293 649 3346 aut
661 3286 744 3366 petis
759 3283 857 3343 Inde?
878 3283 977 3344 refer.

130 3371 296 3452 .„0ausas“
311 3372 414 3451 inquis
428 3391 536 3450 „agam
552 3372 706 3432 Cicerone
721 3367 869 3428 disertior
883 3369 952 3447 ipso

178 3457 283 3536 Atque
299 3457 361 3517 erit
373 3458 407 3515 in
419 3456 537 3539 triplici
551 3476 608 3538 par
623 3455 701 3516 mihi
712 3472 805 3515 nemu
817 3450 923 3575 ianm:I

863 3535 888 3599 I)
1121 3582 1150 3630 Ι
