2370 3840
130 205 193 268 roo
451 176 847 270 nordomannos

595 359 702 420 XXXI.

216 458 291 518 Cum
308 475 409 516 comes
425 457 547 517 Arctois
561 457 708 517 haereret
723 459 863 519 Caesaris
878 462 971 520 armis

255 540 381 618 Velius,
403 542 481 600 hanc
495 541 591 602 Marti
604 562 661 622 pro
675 541 753 602 duce
767 544 850 602 vovit
866 562 960 604 avem.

215 625 302 685 Luna
317 632 427 704 quater
440 626 529 684 binos
544 645 606 684 non
620 631 685 686 tota
700 633 868 706 peregerat
882 630 993 707 orbes,

257 711 369 770 Debita
381 711 530 789 poscebat
543 711 603 768 iam
620 710 680 769 sibi
695 716 765 769 vota
782 711 865 770 deus.

194 794 285 875 51pse
300 813 369 853 suas
387 811 477 852 anser
495 793 674 872 properavit
687 792 786 853 laetus
802 792 841 853 ad
853 815 920 854 aras

255 879 296 938 Et
312 876 426 937 cecidit
439 878 552 935 sanctis
567 877 668 935 hostia
681 897 773 955 parva
787 878 873 938 focis.

216 961 294 1022 Octo
310 959 396 1020 vides
412 957 518 1039 patulo
533 959 672 1039 pendere
687 962 866 1021 nomismata
881 968 983 1022 rostro

256 1044 372 1104 Alitis?
392 1045 469 1103 haec
486 1044 565 1103 extis
583 1042 707 1104 condita
721 1064 820 1123 nuper
835 1051 933 1107 erant.

216 1129 300 1206 Quae
316 1127 387 1188 litat
402 1134 528 1206 argento
541 1146 599 1208 pro
612 1133 662 1206 te,
681 1147 743 1187 non
758 1131 921 1207 sanguine,
943 1130 1074 1209 Caesar,

175 1224 223 1276 10·
255 1212 405 1291 Victima,
426 1213 486 1271 ism
500 1212 586 1270 ferro
600 1231 663 1271 non
678 1231 754 1292 opus
770 1231 839 1273 esse
855 1213 955 1273 docet.

592 1325 713 1385 XXXII.

215 1424 303 1483 Hauc
319 1422 405 1499 volo,
426 1441 504 1502 quae
520 1422 637 1503 facilis,
661 1442 738 1502 quae
753 1421 914 1504 palliolata
928 1430 1073 1504 vogatur,

257 1506 345 1566 Hauc
359 1505 447 1583 volo,
471 1526 548 1585 quae
562 1526 659 1586 puero
675 1509 735 1567 iam
752 1507 839 1567 dedit
853 1514 923 1568 ante
938 1527 1025 1584 meo;

217 1590 305 1649 lianc
318 1588 404 1666 volo,
428 1610 517 1668 quam
531 1589 657 1650 redimit
672 1597 767 1651 totam
783 1591 925 1652 denarius
941 1591 1038 1670 alter,

257 1675 345 1732 Hanc
360 1672 444 1750 volo,
467 1692 545 1752 quae
558 1675 677 1753 pariter
691 1675 805 1735 suflicit
821 1696 881 1735 uns
894 1678 1002 1736 tribus.

197 1757 404 1818 5Poscentem
417 1776 555 1815 nummos
573 1763 606 1816 et
620 1757 746 1835 grandia
761 1761 855 1819 verba
870 1766 1031 1820 sonantem

258 1839 421 1900 Possideat
436 1858 556 1900 crassae
570 1839 706 1901 mentula
720 1842 915 1922 Burdigalae.

586 1953 722 2016 XXXIII.

217 2047 361 2108 Audieris
375 2049 409 2108 in
424 2070 500 2130 quo,
520 2049 653 2128 Flacce,
675 2050 785 2111 balneo
799 2048 956 2131 plausum,

216 2132 368 2192 Matronis
381 2132 448 2194 illic
464 2153 533 2195 esse
549 2133 716 2195 mentulam
730 2135 818 2195 scito.

582 2269 718 2331 XXXIV.

215 2367 353 2446 luppiter
367 2366 451 2427 Idaei
464 2369 536 2428 risit
548 2367 707 2428 mendacia
720 2368 817 2443 busti,

256 2451 334 2510 Dum
347 2450 434 2511 videt
446 2452 575 2529 Augusti
590 2451 696 2512 Flavia
710 2448 826 2529 templa
839 2446 920 2528 poli,

217 2535 320 2612 Atque
334 2536 417 2595 inter
432 2554 552 2595 mensas
567 2533 654 2613 largo
669 2536 729 2594 iam
743 2540 870 2593 nectare
886 2532 989 2606 lusus,

257 2615 373 2677 Pocula
389 2638 457 2678 cnm
472 2619 568 2679 Marti
583 2617 723 2678 traderet
737 2619 805 2697 ipse
820 2635 892 2693 suo,

194 2702 398 2780 5Respiciens
413 2703 572 2762 Phoebum
586 2703 705 2782 pariter
719 2702 901 2778 Phoebique
916 2713 1073 2773 sororem,

259 2785 335 2845 (ium
352 2788 460 2864 quibus
475 2785 601 2847 Achdes
616 2793 648 2847 et
662 2787 730 2866 pius
744 2787 841 2845 Arcas
857 2789 938 2842 erat:

216 2869 355 2947 „Gnosia
368 2871 443 2929 ros“
457 2872 559 2949 inquit
573 2872 684 2949 „nobis
699 2871 885 2929 monimenta
900 2864 1045 2925 dedistis:

259 2953 404 3032 Gemite,
424 2972 512 3032 quam
527 2954 596 3034 plus
612 2957 670 3032 sit,
693 2953 833 3014 Caesaris
850 2968 918 3010 esse
933 2945 1088 3029 patrem.“

592 3087 716 3149 XXXV.

216 3186 344 3244 Artibus
357 3185 406 3243 his
422 3202 545 3263 semper
561 3203 684 3262 cenam,
704 3182 900 3259 Philomuse,
923 3178 1073 3255 mereris,

257 3268 394 3329 Plurima
413 3266 484 3327 dum
498 3269 603 3346 fingis,
622 3266 677 3328 sed
693 3269 778 3346 quasi
791 3286 864 3327 vera
879 3265 990 3324 refers.

217 3352 302 3431 Scis,
326 3352 399 3431 quid
412 3355 446 3413 iu
458 3353 584 3413 Arsacia
598 3352 733 3412 Pacorus
749 3350 906 3411 deliberet
920 3345 1005 3424 aula,

247 3438 466 3521 Rhenigeuom
481 3455 625 3500 numeras
641 3435 899 3512 Sarmaticamque
913 3449 1053 3505 manum3
