2370 3840
282 200 624 263 EPIGRAMMA'PON
637 201 711 264 LIB.
730 201 810 265 VIII.
1006 199 1067 269 li?

108 349 177 410 Non
192 355 263 408 sunt
277 349 354 408 haec
369 350 541 427 hominurn,
564 349 764 427 Germanice,
788 348 898 428 gaudis
912 357 1046 430 tautum,

153 430 216 492 Sed
230 433 347 493 faciunt
361 435 421 512 ipsi
434 452 533 511 nunc,
553 439 646 513 puto,
668 451 754 492 saera
769 432 830 498 dei.

527 565 565 626 V.

110 682 187 743 Dum
204 678 315 759 donas,
337 680 462 757 Macer,
484 679 591 740 anulos
606 678 734 761 puellis,

108 764 241 843 Desisti,
263 764 387 841 Macer,
410 760 517 823 anulos
532 764 658 824 hahere

522 896 574 958 vr
817 883 846 946 v

108 1008 296 1087 Archetypis
310 1005 406 1067 vetuli
419 1008 497 1068 nihil
512 1015 560 1068 est
576 1007 712 1068 odiosius
726 1007 818 1068 Eucti

151 1125 194 1139 —
208 1092 298 1152 Ficta
312 1090 479 1168 Saguntino
496 1093 614 1172 cymbia
629 1091 710 1152 malo
724 1093 790 1152 luto
804 1125 863 1173 -,

108 1177 241 1255 Argenti
254 1175 372 1235 fumosa
387 1177 434 1234 sui
450 1195 517 1235 cum
533 1182 692 1236 stemmata
708 1185 814 1236 narrat

152 1257 302 1319 Garrulus
318 1265 351 1319 et
365 1262 468 1319 verbis
482 1259 602 1319 mucida
616 1263 685 1319 vina
700 1261 785 1320 facit.

88 1343 384 1422 5„Laomedouteae
398 1343 524 1402 fuerant
538 1344 615 1402 haec
629 1342 741 1422 pocula
756 1361 896 1405 mensae:

150 1426 266 1486 Ferret
280 1432 314 1484 ut
327 1426 422 1504 haec,
443 1445 546 1485 muros
562 1427 675 1486 struxit
687 1424 801 1506 Apollo
815 1427 893 1507 lyra.

109 1511 178 1570 Hoc
197 1515 318 1568 cratere
332 1507 422 1568 ferox
438 1511 590 1569 commisit
603 1510 720 1588 praelia
734 1511 877 1572 Rhoecus

153 1594 230 1653 (ium
248 1593 402 1672 Lapithis:
424 1612 526 1674 pugna
541 1592 645 1653 debile
660 1595 762 1654 cernis
779 1614 864 1675 opus.

108 1678 151 1738 HI
167 1677 227 1738 duo
241 1675 392 1756 longaevo
411 1684 579 1738 censentur
593 1678 727 1738 Nestore
740 1678 843 1740 fundi:

67 1771 103 1825 10
150 1760 270 1822 Pollice
287 1759 326 1820 de
341 1760 431 1841 Pylio
447 1763 521 1822 trita
539 1761 677 1822 columha
692 1764 780 1824 nitet.

109 1847 169 1906 llic
184 1847 317 1925 scyphus
333 1851 397 1921 cst,
419 1846 451 1904 in
468 1865 528 1924 quo
543 1846 668 1906 misceri
680 1849 770 1906 iussIt
786 1849 891 1907 amicis

151 1929 280 2007 Largius
296 1927 449 1988 Aeacides
463 1928 655 2007 vividiusque
670 1948 797 1991 merum.

110 2013 176 2072 Hac
191 2013 367 2091 propinavit
381 2011 481 2070 Bitiae
496 2011 706 2091 pulcherrima
719 2012 798 2073 Dido

152 2096 186 2154 ln
200 2101 323 2174 patera,
345 2094 480 2171 Phrygio
497 2114 564 2152 cum
580 2093 650 2153 data
664 2113 740 2153 cena
754 2098 819 2155 viro
839 2097 918 2157 est.“

67 2187 101 2240 15
108 2179 241 2240 Miratus
256 2178 354 2237 fueris
371 2196 438 2235 cum
454 2178 557 2256 prisca
571 2184 743 2238 toreumata
758 2177 903 2257 multum,
1048 2216 1052 2222 -

151 2263 184 2322 ln
199 2260 314 2321 Priami
329 2259 458 2321 calathis
472 2261 659 2338 Astyanacta
673 2262 770 2322 hibes.
961 2260 964 2266 ⁴

518 2411 583 2472 VH.

110 2523 178 2585 Hoc
193 2544 286 2605 agere
306 2532 354 2585 est
369 2545 490 2603 causas,
512 2526 572 2585 hoc
589 2525 711 2603 dicere,
735 2526 850 2603 Cinna,
873 2523 992 2588 diserte

150 2609 261 2685 Horis,
285 2611 398 2687 Cinna,
416 2608 524 2669 decem
540 2609 647 2670 dicere
661 2610 756 2670 verba
769 2611 900 2670 novem?

111 2690 175 2752 Sed
189 2691 279 2752 modo
295 2692 475 2772 clepsydras
492 2695 613 2772 ingenti
626 2713 702 2754 voce
716 2695 825 2775 petisti

157 2776 317 2850 Quattuor.
349 2776 553 2857 Oquantum,
576 2778 691 2857 Cinna,
712 2783 818 2839 tacere
831 2779 938 2859 potes!

511 2911 589 2974 VIII

109 3019 300 3098 Principium
316 3018 390 3098 des,
411 3019 498 3099 lane,
520 3019 597 3081 licet
609 3022 766 3084 velocibus
782 3024 885 3103 annis,

151 3104 193 3163 Et
207 3122 340 3163 renoves
353 3102 439 3164 voltu
452 3103 575 3165 saecula
588 3105 680 3185 longa
694 3112 766 3183 tuo,

111 3186 159 3246 Te
173 3187 306 3267 primum
321 3188 373 3268 pia
386 3193 456 3248 tura
470 3195 599 3270 rogent,
621 3196 654 3250 te
668 3198 739 3251 vota
753 3190 903 3268 salutent,

152 3270 293 3351 Purpura
306 3278 339 3332 te
353 3269 447 3350 fellu,
468 3279 501 3333 te
517 3271 599 3333 colat
613 3274 710 3334 omnis
726 3275 840 3335 honos.

88 3353 163 3416 siu
178 3361 280 3416 tamen
294 3357 354 3417 hoo
370 3358 479 3436 mavis,
499 3357 606 3417 Latiae
626 3357 709 3437 quod
724 3359 856 3436 contigit
868 3356 954 3435 urbi,

152 3437 263 3500 Mense
277 3445 331 3499 tuo
348 3439 514 3522 reducem,
535 3442 624 3519 lsue,
647 3440 756 3501 videre
771 3441 872 3503 deum.

111 3520 220 3583 Maur.
823 3523 867 3584 12

1006 3614 1107 3630 ,Λ-
