2370 3840
57 120 118 184 118
374 119 418 181 Μ.
436 111 529 181 VA'L.
546 115 773 178 MARTIALIS
848 177 850 180 ,

142 272 262 334 Sedere
275 273 308 332 in
323 272 460 350 equitum
473 269 567 331 liceat
583 291 620 330 an
637 272 695 330 tibi
710 272 856 349 scamnis,

140 356 280 437 Videbo,
300 355 445 436 Didyme:
467 353 619 415 nonlicet
634 356 821 416 maritorum.

528 488 618 550 XLII.

144 587 283 649 Callidus
298 589 426 649 effracta
440 607 578 647 nummos
592 588 643 647 fur
657 588 779 647 auferet
793 607 879 667 arca,

183 673 368 733 Prosternet
381 674 498 753 patrios
513 673 605 751 impia
619 673 738 731 flamma
751 671 849 732 lares:

142 757 272 816 Debitor
287 776 408 817 usuram
422 757 541 836 pariter
555 761 733 835 sortemque
748 757 890 835 negabit,

185 841 253 905 Non
266 839 381 901 reddet
396 838 514 901 sterilis
529 841 644 900 semina
661 842 741 899 iacta
755 858 860 918 seges:

121 925 398 1006 5Dispensatorem
412 920 505 984 fallax
520 924 664 1004 spoliabit
680 926 792 1002 amica,

185 1009 345 1071 Mercibus
361 1014 516 1069 extructas
531 1010 643 1068 obruet
654 1008 735 1067 unda
750 1015 844 1069 rates.

142 1093 238 1154 Extra
251 1094 406 1154 fortunam
422 1099 486 1169 est,
509 1095 533 1152 si
550 1092 625 1171 quid
639 1091 770 1152 donatur
786 1093 907 1152 amicis:

185 1179 267 1254 Quas
282 1177 422 1255 dederis,
444 1176 525 1237 solas
541 1195 664 1257 semper
676 1177 806 1236 habebis
821 1195 905 1258 opes.

525 1311 629 1374 XLIII.

143 1410 239 1469 Thais
252 1411 348 1470 habet
361 1411 482 1489 nigros,
501 1411 607 1470 niveos
620 1410 771 1471 Laecania
786 1409 906 1474 dentes.

185 1493 270 1568 Quae
284 1494 363 1553 ratio
382 1495 453 1555 esti
481 1495 609 1573 Emptos
622 1495 700 1554 baec
715 1496 825 1571 babet,
846 1491 903 1554 illa
918 1514 999 1558 suos.

67 1712 70 1717 ¹
143 1725 223 1803 Quid
238 1726 352 1785 factum
369 1730 432 1803 est,
454 1626 640 1804 rogoffizdd
653 1732 785 1805 repente
800 1726 914 1786 iactum
929 1735 995 1806 cst,

141 1809 191 1870 Ad
207 1829 313 1869 cenam
329 1810 421 1886 mihi,
443 1809 561 1887 Dento,
585 1808 667 1888 quod
681 1811 818 1888 vocanti,
832 1842 876 1858 --

143 1895 218 1970 Quis
234 1892 363 1953 credat?
375 1926 418 1936 -
434 1900 544 1972 quater
559 1912 648 1953 ausus
663 1912 697 1953 es
712 1895 848 1971 negare}

143 1977 206 2038 Sed
220 1997 278 2038 nec
294 1978 426 2058 respicis
439 1984 471 2038 et
486 1977 566 2056 sugis
582 1985 782 2058 sequentem,

120 2063 242 2139 bQuem
256 2063 387 2123 thermis
402 2060 492 2122 modo
509 2080 661 2141 quaerere
676 2070 709 2121 et
722 2062 854 2122 theatris
889 2127 900 2143 ,

141 2148 183 2209 nt
198 2147 392 2207 conclavibus
408 2147 548 2206 omnibus
562 2145 691 2206 solebas.

143 2231 194 2291 Sic
209 2240 273 2309 cst,
295 2238 402 2311 captus
418 2251 451 2291 es
466 2232 608 2290 unctiore
624 2249 728 2290 mensa

141 2315 183 2374 Et
196 2317 293 2375 maior
307 2317 411 2395 rapuit
426 2333 531 2375 canem
547 2313 656 2375 culina.

142 2398 202 2458 iam
219 2407 268 2477 te,
291 2398 348 2459 sed
363 2400 440 2478 cito,
463 2398 617 2476 cognitum
633 2403 665 2456 et
680 2395 825 2457 relietum

100 2483 217 2544 locum
232 2483 401 2543 fastidierit
414 2483 526 2564 popina
540 2480 641 2559 dives,

141 2567 296 2646 Antiquae
310 2568 417 2627 venies
432 2566 471 2627 ad
486 2585 554 2625 ossa
570 2583 674 2625 cenae.

525 2699 619 2762 XLV.

141 2801 225 2862 Dicis
241 2801 423 2878 formosam,
447 2799 524 2860 dieis
539 2806 588 2879 te,
610 2800 720 2880 Bassa,
735 2799 881 2881 puellam.

140 2885 226 2945 Istud
245 2903 322 2963 qnae
338 2903 399 2943 non
416 2891 464 2944 est
478 2883 601 2964 dicere,
622 2885 731 2964 Bassa,
755 2884 844 2946 solet.

527 3021 633 3084 XLVI.

140 3119 231 3179 Basia
246 3117 317 3177 dum
331 3115 406 3177 nolo
421 3120 481 3179 nisi
497 3139 576 3198 qnae
590 3119 741 3180 luctantia
757 3121 875 3199 carpsi,

181 3204 224 3264 Et
236 3201 340 3284 placet
352 3203 400 3261 ira
414 3203 488 3262 mihi
503 3202 575 3283 plus
590 3211 657 3282 tua,
680 3224 768 3283 qnam
784 3203 897 3281 facies,

139 3286 184 3349 Ut
198 3294 231 3348 te
246 3305 339 3368 saepe
354 3304 477 3365 rogem,
501 3286 613 3365 caedo,
632 3287 840 3367 Diadumene,
862 3305 971 3366 saepe:

184 3373 366 3451 Consequor
379 3373 455 3450 boc,
477 3378 512 3430 ut
527 3390 576 3432 me
591 3390 649 3431 nec
664 3372 789 3444 timeas,
811 3391 870 3432 nec
885 3390 977 3432 ames.
