2370 3840
107 217 171 282 370
389 214 514 276 INDEX
529 213 877 275 EPlGRdMMATQN.

107 370 175 432 Quid
192 371 224 420 de
236 376 275 427 te,
293 367 369 429 Line,
385 368 527 433 suspicetur
544 381 608 417 uxor
629 399 982 418 ...........

108 440 175 499 Quid
192 437 271 488 laniat
285 435 338 486 vnlt
354 438 419 487 scire
435 437 524 502 Lyris:
543 436 610 500 quod
629 435 727 486 sobria:
746 435 838 485 fellat.
865 471 873 484 .
901 471 908 484 .
936 473 943 485 .
975 474 983 488 .

108 508 175 568 Quid
189 505 267 556 faciet
282 503 366 555 nullos
380 504 422 554 hle
437 507 569 556 inventura
586 504 693 569 capillos
725 540 732 554 .
760 538 768 555 .
795 540 802 553 .
830 539 836 552 .
865 540 871 552 .
900 539 908 553 .
935 541 942 554 .
974 542 982 556 .

109 575 175 636 Quid
190 574 285 623 iactum
304 581 357 633 est,
375 588 452 640 rogo,
471 574 534 636 qnid
548 580 651 638 repente
665 572 761 624 luctum
796 608 803 621 .
831 608 838 620 .
866 609 872 620 .
900 607 908 622 .
935 610 942 622 .
973 611 980 624 .

109 642 176 705 Quid
190 657 231 692 me
248 650 405 707 compactum
423 645 488 692 ceris
506 650 531 691 et
545 641 689 692 harundine
706 642 793 691 ridesi
830 677 837 690 .
865 676 872 689 .
898 675 907 690 .
935 678 942 691 .
972 679 980 692 .

108 711 174 772 Quid
192 726 247 770 me,
262 711 342 772 Thai,
361 726 446 761 senem
464 710 570 760 subinde
589 711 672 761 dieis?
693 745 979 761 ........

108 781 175 841 Quid
192 795 291 830 mecum
307 788 345 830 est
360 780 425 829 tibit
460 779 500 830 bie
519 778 605 844 puella
622 787 705 829 sumat
725 812 977 829 ........

108 849 175 910 Quid
190 849 254 898 mihi
267 849 357 898 reddat
373 863 435 913 ager
450 849 566 910 quaeris,
582 848 659 907 Line,
675 847 864 897 Nomentanus?
898 881 905 894 .
934 884 940 898 .
970 884 977 898 .

108 918 175 978 Quid
188 916 251 967 mihi
264 919 398 967 vobiscum
416 924 465 975 est,
484 916 615 967 oPhoebe
632 930 775 980 novemque
791 917 911 967 sorores?
933 952 941 966 .
969 952 977 965 .

108 986 176 1047 Quid
190 992 275 1037 narrat
290 994 334 1035 tua
349 985 472 1035 moecha?
507 985 563 1035 Non
581 985 694 1050 puellam
729 1018 976 1035 ........

107 1055 174 1117 Quid
191 1056 280 1116 nobis,
298 1055 396 1117 inquis,
412 1069 470 1103 eum
485 1051 612 1119 epistoie'l
602 1086 976 1104 ............
1014 1055 1050 1118 11,

108 1125 176 1187 Quid
189 1138 241 1175 uon
255 1124 326 1190 cogit
341 1123 430 1172 amori
448 1124 528 1172 secuit
545 1122 644 1172 nolente
663 1121 838 1187 capillos..

108 1193 175 1256 Quid
193 1208 243 1243 non
255 1207 333 1243 saeva
350 1191 420 1257 iugis
432 1191 527 1257 placidi
545 1190 620 1256 lepus
639 1205 682 1242 ora
699 1191 836 1241 leonisl

107 1261 175 1324 Quid
188 1269 294 1327 pereunt
306 1260 384 1311 stulto
398 1260 476 1311 iortes
493 1259 590 1310 haltere
603 1259 709 1310 lecertii
727 1293 974 1310 ........

107 1331 174 1393 Quid
189 1330 356 1396 promittebas
373 1329 437 1379 mihi
455 1329 541 1389 milia,
558 1327 654 1389 Gaure,
671 1329 801 1379 ducenta.
826 1363 834 1377 .
863 1362 870 1376 .
898 1361 905 1375 .
932 1364 939 1378 .
967 1363 974 1378 .

106 1399 173 1461 Quid
188 1400 338 1450 recitaturus
353 1398 496 1448 circumdas
513 1396 608 1449 vellera
625 1396 708 1448 celiel
725 1430 974 1447 ........

107 1466 609 1598 3119,3119ᾏέ111211112111
622 1464 864 1585 lilio¹¹b⁰¹¹³⁸²“
897 1498 974 1516 ···
1033 1535 1061 1586 x
1093 1539 1107 1589 1

108 1573 231 1666 Quin'ts‚
248 1572 345 1663 Tucca,
363 1605 434 1654 iuvat
449 1605 532 1654 vetulo
547 1605 654 1654 miscere
668 1604 775 1655 Falerno
796 1639 803 1653 .
831 1639 838 1651 .
862 1638 869 1653 .
966 1638 974 1652 .
1064 1575 1071 1595 ⁹

107 1673 175 1734 Quid
187 1672 233 1722 tibi
247 1673 381 1722 nobiseum
397 1679 449 1733 est,
468 1672 522 1723 ludi
540 1672 660 1722 scelerate
678 1675 835 1739 magister.

106 1741 174 1801 Quid
186 1740 260 1791 vellis
276 1740 403 1801 vetulum,
423 1741 514 1807 Ligia,
531 1743 661 1790 cunuum⁹
651 1775 973 1791 ..........
1048 1741 1086 1805 X,

107 1810 216 1872 Quidam
235 1824 276 1859 me
291 1810 380 1870 modo,
396 1777 479 1870 iiuie,
499 1809 634 1874 diligenter
654 1844 973 1860 ..........
1035 1810 1084 1872 Vi,
1105 1812 1151 1866 82.

107 1877 236 1944 Quidquid
250 1879 304 1944 agit
319 1878 414 1939 Rufus,
432 1847 496 1928 nihil
513 1885 553 1928 est
569 1878 620 1927 nisi
636 1877 731 1929 Naevia
746 1877 869 1939 Rufo..
1063 1880 1085 1941 1,
1104 1882 1150 1935 68.

106 1949 235 2013 Quidquid
249 1949 275 1998 in
293 1946 392 2014 Orpheo
407 1915 532 2013 ’Rhodope
546 1955 675 2014 spectasse
689 1948 787 1998 theatro
827 1983 834 1996 .
862 1984 868 1997 .
896 1982 903 1995 .
931 1983 938 1997 .
965 1983 973 1996 .
1031 1945 1088 2011 Ep.
1105 1952 1151 2002 21.

106 2017 236 2080 Quidquid
252 2017 385 2067 Parrhasia
400 2018 494 2068 nitebat
511 2017 570 2067 aula
584 2051 972 2067 ............

106 2085 235 2150 Quidquid
248 2087 352 2151 ponitur
367 2085 427 2136 hinc
442 2094 467 2136 et
483 2087 543 2136 inde
560 2087 641 2136 verris
654 2118 972 2136 ..........

106 2154 223 2218 Quinque
241 2157 304 2205 satis
321 2154 432 2206 inerant:
448 2171 507 2206 nam
519 2169 565 2205 sex
583 2162 714 2219 septemve
730 2154 810 2206 libelli
827 2187 973 2205 .....

106 2224 197 2284 Quinte
216 2221 367 2274 Caledonios
384 2223 459 2275 Ovidi
476 2225 562 2274 visure
575 2223 709 2273 Britannos
721 2256 972 2274 ........

108 2292 278 2355 Quintiliane,
296 2307 378 2358 vagae
393 2293 536 2343 moderator
552 2307 650 2342 summe
664 2294 801 2343 iuventae.
829 2326 836 2341 .
862 2328 868 2340 .
896 2326 902 2339 .
930 2327 938 2342 .
964 2324 972 2340 .
1076 2330 1088 2354 ,

105 2361 226 2422 Quintum
240 2376 285 2427 pro
301 2361 419 2420 Decimo,
432 2376 478 2426 pro
497 2359 600 2421 Crasso,
613 2360 725 2426 Regale,
742 2361 854 2411 Macrum
896 2395 902 2408 .
930 2395 938 2411 .
965 2393 973 2409 .
1076 2398 1086 2423 ,

106 2430 213 2491 Quintus
230 2439 373 2480 nostrorum
391 2431 519 2489 liberast,
537 2430 666 2494 Auguste,
680 2430 794 2479 iocorum
825 2464 833 2478 .
861 2465 868 2479 .
896 2463 903 2478 .
930 2465 938 2480 .
964 2462 972 2478 .

106 2498 168 2559 Quis
182 2499 253 2549 labor
269 2501 296 2548 in
313 2497 417 2564 phialui.
431 2498 500 2548 docti
516 2498 588 2564 Myos
606 2512 671 2549 anne
687 2497 824 2564 Myronos?
865 2533 872 2546 .
896 2533 903 2545 .
930 2533 937 2548 .
964 2531 972 2547 .
1072 2535 1084 2559 ,

105 2566 168 2625 Quis
182 2568 310 2618 Palatinos
325 2568 439 2617 imitatur
457 2566 567 2632 imagine
582 2565 667 2617 voltus
695 2599 972 2617 .........

104 2635 169 2695 Quis
183 2650 247 2700 puer
263 2636 305 2686 hio
322 2637 411 2687 nitidis
428 2636 528 2686 absistit
546 2635 675 2685 Ianthidos
690 2635 765 2685 undis
793 2670 800 2684 .
827 2671 834 2684 .
861 2671 869 2685 .
896 2670 902 2683 .
930 2671 937 2685 .
964 2669 972 2684 .
1074 2672 1085 2696 ,

106 2703 182 2764 Quis,
198 2719 277 2770 rogo,
295 2711 346 2754 tam
361 2706 453 2766 durus,
471 2704 528 2767 quis
545 2710 598 2754 tam
613 2703 662 2754 luit
679 2702 723 2755 ille
739 2704 864 2771 superbus
896 2739 902 2753 .
929 2739 937 2754 .
964 2738 971 2752 .
1142 2743 1150 2756 .

106 2771 169 2832 Quis
183 2780 207 2822 te
222 2772 342 2824 Phidiaco
361 2774 510 2833 fornicatam,
526 2772 604 2832 iulia,
624 2771 695 2822 caelo
723 2805 972 2824 ........
1040 2772 1087 2831 Vi,
1105 2771 1149 2825 13.

106 2841 169 2901 Quis
185 2841 232 2892 tibi
249 2844 375 2906 persuasit
390 2858 464 2893 nares
480 2841 608 2892 abscidere
623 2841 745 2892 moecho?
758 2875 972 2892 .......
1041 2841 1084 2900 ΠΙ,
1105 2843 1150 2894 85.

106 2909 226 2975 Quisquis
242 2911 388 2962 Flaminium
403 2913 477 2971 teris,
497 2913 577 2962 viator
588 2943 972 2962 ............
1034 2907 1080 2969 ΧΙ,
1103 2909 1148 2966 13.

106 2980 226 3043 Quisquis
243 2979 309 3029 laeta
322 2982 373 3029 tuis
391 2988 415 3030 et
432 2995 488 3031 sera
503 2980 649 3045 parentibus
668 2986 741 3045 optas
759 3012 972 3031 .......
1047 2977 1081 3038 Χ,
1104 2980 1148 3031 71.

107 3048 227 3113 Quisquis
245 3047 356 3099 stolaeve
375 3063 534 3115 purpuraeve
547 3055 703 3114 contemptor
724 3079 972 3100 ........
1065 3044 1102 3109 Χ,
1122 3049 1148 3100 5.

106 3116 161 3175 Quo
176 3118 259 3183 possit
272 3117 327 3167 deri
345 3118 434 3178 modo,
454 3116 546 3169 Severe
586 3151 972 3169 ............
1025 3113 1083 3178 VII,
1103 3115 1150 3169 34.

106 3184 161 3244 Quo
179 3194 220 3244 tu,
237 3201 304 3249 quo,
319 3185 384 3238 liber
401 3186 495 3251 otiose,
510 3185 595 3236 tendis
618 3218 972 3238 ...........
1059 3182 1107 3247 XI,
1126 3188 1149 3240 l.

106 3253 161 3312 Quo
179 3252 220 3304 vis
234 3270 333 3318 cunque
350 3256 405 3305 loco
421 3263 494 3320 potes
511 3254 580 3304 hunc
593 3254 665 3305 ilnire
682 3254 832 3306 libellum.
965 3250 1066 3315 .,XIV
1085 3254 1111 3314 l,
1122 3270 1148 3310 a.

107 3323 181 3382 Quod
196 3322 273 3386 alpha
289 3324 356 3385 dixi,
376 3321 471 3381 Corde,
487 3322 679 3388 paenulatorum
689 3355 973 3376 .........
1047 3321 1083 3384 V,
1103 3291 1150 3380 'te

106 3390 181 3450 Quod
198 3390 316 3442 enisum
334 3392 434 3458 reddis,
450 3391 512 3457 Poly
514 3392 629 3451 charme,
646 3392 751 3443 tabellas
791 3429 798 3444 .
826 3427 834 3442 .
861 3427 870 3442 .
965 3389 1083 3453 .‚v111
1102 3390 1149 3445 37.

105 3458 180 3519 Quod
193 3456 288 3510 clamas
306 3475 420 3527 semper,
440 3462 508 3525 quod
527 3461 660 3526 agentibus
675 3463 814 3528 obstrepis,
831 3460 939 3513 Aah
1057 3460 1080 3521 1,
1099 3460 1147 3514 95.

66 3520 204 3624 Α

1019 372 1107 1050 ,Ξς--εειέἓέεεέμμ

1125 373 1160 424 5:

1104 439 1159 1452 ssssssssassssssaeggffissssae

1050 1331 1088 1393 5²
1015 1073 1106 1311 Ξι-κςξ

1040 1400 1089 1530 522!

1109 1469 1152 1658 1δόΞὲ

1037 1607 1088 1735 Fx-

1106 1675 1151 1800 533
