2370 3840
284 214 624 277 EPIGRAMMATON
634 215 708 276 LIB.
722 214 803 278 XIV.

336 415 442 478 xciv.
468 415 588 478 Calices
603 417 747 478 oudooea.

103 517 166 577 Nor
182 534 284 576 somus
300 512 422 574 audacis
436 511 561 593 plebeia
573 512 745 574 toleumata
758 515 849 592 vitri,

144 600 258 660 Nostra
272 615 374 677 neque
391 597 514 657 ardenti
530 616 648 676 gemma
662 599 776 657 teritur
794 616 880 677 aqua.

292 731 386 794 XCV.
409 729 524 792 Posala
538 751 637 792 aureo
650 733 785 793 caelato.

102 833 245 912 Quamvis
259 830 396 893 Gallano
410 831 538 890 rubeam
552 849 702 909 generosa
716 827 861 907 metallo,

145 916 272 979 Glorior
287 923 354 975 arte
371 917 480 994 magis:
502 934 573 975 nam
586 913 677 993 Myos
692 916 753 974 iste
767 911 866 974 labor.

338 1049 447 1111 xcvl.
474 1048 593 1110 Calices
613 1047 738 1109 Vatinii.

101 1149 185 1213 Vilia
199 1149 314 1210 sutoris
330 1144 458 1208 calicem
473 1149 660 1207 monImenta
674 1146 781 1208 vanni

143 1236 276 1315 Aooip03
296 1229 353 1292 sed
367 1251 459 1292 nasus
475 1229 599 1309 longior
613 1228 669 1290 ille
683 1230 752 1290 fuit.

280 1365 402 1429 xcvii.
426 1365 550 1426 Lancea
563 1344 797 1444 chrysendetae.

101 1461 239 1526 Grandia
252 1482 292 1523 ne
307 1462 388 1524 vlola
403 1482 497 1542 parvo
515 1460 724 1540 chrysendeta
737 1459 844 1524 mullo.

141 1549 186 1610 Ut
198 1548 372 1626 minimum,
393 1546 489 1606 libras
505 1546 600 1606 debet
613 1547 730 1606 habere
746 1545 830 1607 duas.

323 1681 459 1744 XCVIII.
488 1679 572 1741 Vasa
589 1682 749 1742 Arretina.

99 1781 246 1840 Arretina
260 1781 350 1840 nimis
360 1799 403 1840 -ne
418 1797 547 1860 spernas
560 1798 631 1838 vasa
643 1797 812 1838 monemus.

140 1864 256 1925 Lautus
271 1871 338 1924 erat
352 1865 463 1924 'fursci
481 1863 620 1924 Porsena
633 1861 791 1924 fictilibus.

378 1997 485 2057 xcix.
509 1997 693 2057 Bootauda.

97 2094 233 2156 Barbara
247 2092 287 2152 de
301 2095 394 2173 pictis
408 2095 479 2153 veni
493 2088 645 2155 basoadda
657 2096 832 2171 Britannis3

140 2176 205 2239 Sed
216 2195 266 2237 me
280 2179 341 2237 iam
354 2175 469 2237 mavolt
485 2177 590 2238 dicere
604 2179 701 2239 Roma
715 2199 808 2240 suam.

434 2313 469 2374 0.
492 2311 632 2375 Panaca.

97 2412 131 2472 Si
144 2431 207 2473 non
220 2413 326 2490 Ignota
341 2416 389 2471 est
404 2409 489 2472 docti
502 2413 561 2472 tibi
574 2419 660 2472 terra
676 2410 808 2489 Catulli,

138 2497 258 2557 Potasti
273 2502 354 2556 testa
367 2495 495 2556 Raetica
509 2498 579 2556 vina
592 2515 669 2556 mea.
792 2523 795 2529 ·

412 2631 460 2692 01.
482 2632 657 2694 Boletaria.

96 2728 173 2788 Gom
186 2728 262 2791 mihi
276 2725 374 2787 boleti
389 2727 536 2789 dedorInt
547 2736 610 2789 tam
624 2726 730 2788 nobile
744 2745 874 2803 nomen,

134 2810 324 2871 Prototomis
337 2811 490 2892 —pudet
502 2813 579 2872 heu!
594 2849 634 2859 -
652 2813 753 2872 servio
769 2807 920 2872 coliculis.

325 2945 385 3006 011.
411 2944 531 3007 Calices
544 2943 732 3007 Surrentini.

97 3043 215 3123 Accipe
228 3063 293 3103 non
306 3043 361 3104 vili
376 3043 488 3106 salices
504 3046 544 3106 de
558 3044 687 3126 pulvere
699 3050 806 3125 natos,

136 3127 201 3188 Sed
216 3128 419 3190 SurrentInae
434 3129 503 3190 leve
517 3136 658 3190 toreuma
670 3135 767 3195 rotae.

242 3265 245 3269 ’
338 3263 412 3328 CIII.
439 3262 549 3326 Colum
565 3266 728 3327 wadum.

92 3357 233 3439 Setinor,
252 3380 380 3441 moneo,
401 3369 508 3424 nostra
522 3364 593 3424 nire
609 3365 718 3444 frange
733 3365 882 3425 trientes:

132 3443 322 3526 Pauperiore
338 3465 424 3508 mero
438 3450 562 3528 tingere
573 3446 640 3509 lina
653 3455 753 3531 potes.

999 215 1060 282 331
