2370 3840
279 223 621 290 EPIGRAMMATON
634 226 708 289 LIB.
723 227 804 289 XIV.
833 282 835 287 .
1001 225 1064 292 ³37

297 428 401 491 cmv.
423 428 534 490 Lunae
550 429 786 503 anrethuetinue.

108 528 206 590 Ebria
221 526 367 588 Sidoniae
384 547 452 589 cum
466 529 522 588 rim
539 527 578 588 de
593 530 742 607 sangnine
758 531 910 609 conchae,

148 611 218 672 Non
232 608 341 690 video,
362 630 457 690 qnare
472 613 575 672 sobria
588 611 656 672 lana
671 631 772 674 vocer.

374 745 464 809 CLV.
489 744 600 807 Lanae
614 747 713 808 oldae.

105 843 284 907 Velleribus
298 846 406 925 primia
420 845 570 926 Appulia,
592 845 702 906 Parma
716 843 859 907 secundis

146 926 282 990 Nobilis:
303 927 442 989 Altinum
457 931 553 990 tertia
565 927 671 990 laudat
685 931 759 990 ovis.

351 1063 453 1125 CLVI.
476 1062 586 1125 Lanae
607 1064 728 1144 Tyriae.

103 1160 167 1223 Noa
180 1162 444 1224 Lacedaemoniae
458 1170 566 1244 pastor
581 1163 705 1223 donavit
719 1162 843 1224 amicae.

146 1247 292 1308 Deterior
305 1247 410 1308 Ledae
423 1267 560 1328 purpura
574 1249 680 1307 matris
696 1251 771 1307 erat.

304 1380 420 1443 cLVss.
444 1380 554 1441 Lunae
566 1380 771 1441 Pollentinae.

104 1477 172 1538 Non
186 1484 304 1539 tantum
317 1475 401 1557 pullo
415 1475 558 1556 lugentes
572 1475 691 1537 vellere
705 1475 808 1554 lanas,
837 1475 840 1480 ’

145 1560 208 1622 Sed
222 1559 304 1621 solet
318 1567 352 1620 et
366 1557 479 1621 calices
493 1562 570 1622 haec
585 1560 660 1621 dare
675 1567 760 1622 terra
781 1579 864 1621 suos.

422 1694 551 1756 cnvnl.
572 1695 668 1757 Idem.

101 1793 185 1853 Lana
200 1792 324 1872 quidem
337 1792 455 1871 tristis,
477 1790 533 1853 scd
546 1794 644 1854 tonsis
658 1800 731 1854 neta
749 1792 917 1870 ministris,

143 1873 258 1955 Quales
272 1896 336 1936 non
349 1878 450 1956 primo
470 1875 510 1936 de
526 1896 621 1956 grege
636 1896 742 1938 mensa
759 1877 844 1937 citat.

261 2009 364 2070 cmx.
390 2009 575 2069 Tomentum
591 2009 814 2086 Leuconicum.

101 2107 277 2187 Oppressae
293 2107 419 2165 nimium
433 2104 534 2164 vicina
549 2112 598 2164 est
610 2105 706 2164 fascia
719 2105 864 2185 plumae?

141 2188 270 2253 Vellera
284 2189 469 2250 Leuconicis
484 2189 590 2268 accipe
608 2208 676 2248 rasa
691 2189 779 2266 sagis

301 2322 391 2384 CLX.
416 2322 600 2384 Tomentum
616 2321 771 2383 Oiroense.

104 2421 290 2483 Tomentum
306 2420 531 2501 concisapulus
547 2421 697 2481 circense
711 2426 847 2481 vocatur.

142 2507 228 2566 Haec
242 2526 300 2587 pro
314 2506 490 2566 Leuconico
505 2505 651 2565 stramina
664 2522 783 2586 pauper
799 2505 882 2566 emit.

410 2639 514 2704 chl.
536 2638 659 2701 Pluma.
746 2633 748 2637 ’

97 2739 210 2800 Lassus
225 2738 391 2817 Amyclaea
408 2739 527 2818 poteris
541 2740 743 2818 requiescere
760 2737 878 2819 pluma,

72 2883 75 2888 ,
139 2823 273 2882 interior
288 2823 379 2900 cygni
393 2841 482 2900 quam
498 2821 556 2882 tibi
568 2819 638 2881 lana
655 2818 751 2884 dedit.
826 2888 830 2894 ,

389 2954 505 3015 chfl.
527 2955 676 3016 Foenum.

97 3052 252 3116 Fraudata
266 3032 384 3115 tumeat
397 3053 517 3134 fragilis
534 3056 592 3115 tibi
606 3052 719 3115 culcita
731 3053 819 3116 mula.

139 3139 209 3200 Non
224 3140 309 3200 venit
326 3137 365 3198 ad
379 3138 473 3199 duros
487 3137 602 3219 pallida
617 3158 689 3199 cura
701 3145 797 3200 toros.

322 3271 450 3334 cnxlss.
478 3271 743 3335 nminnmulum.

95 3370 205 3433 Redde
219 3371 329 3452 pilam:
348 3380 438 3434 sonat
452 3392 503 3434 aes
519 3376 716 3434 thermarum.
744 3373 869 3435 Ludere
882 3367 1012 3452 pergis?

135 3455 325 3536 Virgineus
341 3456 408 3519 sola
422 3455 506 3519 lotus
523 3460 609 3520 abire
624 3457 755 3519 domum.

94 3540 207 3603 Maur.
806 3537 848 3599 22
1093 3562 1112 3625 p
