2370 3840
328 175 668 236 EPIGRAMMATON
680 177 754 240 LlB.
771 179 821 240 lli.

133 328 249 390 Pectus
267 327 407 407 cicadae,
427 347 497 389 crus
514 327 663 407 colorque
678 329 841 410 formicae,

135 412 341 492 Rugosiorem
356 431 424 472 cum
438 430 528 490 geras
543 411 623 472 stola
637 412 773 473 frontem

110 497 375 560 amorreorum
390 497 526 556 cassibus
541 515 633 576 pares
648 516 807 570 mammam

135 581 214 642 cum
229 587 403 660 comparata
420 581 549 640 rictibus
564 581 625 640 tuis
643 599 697 639 ora

133 663 273 727 Niliacus
287 665 400 723 habeat
417 662 592 723 corcodilus
611 669 737 741 angusto

133 748 313 827 Meliusque
327 765 420 807 ranae
436 749 572 825 garriant
586 747 779 807 Ravennates

134 832 177 893 Et
194 832 341 891 Atrianus
357 829 477 891 dulcius
493 829 581 891 culex
595 836 700 890 cantet

92 914 313 994 10Videasque
331 921 474 993 qnantum
489 922 619 974 noctuae
635 912 742 974 vident
756 933 862 993 mane,

136 999 179 1061 Et
192 997 273 1059 illud
289 997 373 1058 oleas
392 996 474 1075 quod
487 999 545 1058 viri
561 997 763 1078 capellarum,

118 1083 178 1145 ‘Et
199 1084 297 1142 anatis
311 1083 425 1141 habeas
442 1083 655 1161 orthopygium
670 1100 791 1142 macrae

137 1166 313 1245 Senemque
329 1166 477 1245 Cynicum
492 1167 593 1225 vincat
609 1184 715 1226 osseus
730 1185 863 1243 cunnus3

138 1251 216 1311 Cum
230 1257 263 1311 te
276 1249 406 1310 lucerna
420 1247 581 1309 balneator
596 1251 732 1309 extincta

95 1333 289 1395 15Admittat
303 1335 386 1393 inter
405 1335 577 1412 bustuarias
591 1334 751 1406 moechas;

139 1419 216 1479 Cum
231 1420 339 1478 bruma
352 1435 489 1477 mensem
507 1417 548 1475 sit
562 1417 618 1475 tibi
633 1435 692 1496 per
709 1417 875 1494 Augustum

136 1500 292 1581 Regelare
307 1520 365 1562 nec
380 1509 412 1561 te
425 1499 621 1581 pestilenties
636 1501 750 1580 possit:

137 1585 246 1647 Audes
262 1584 410 1646 ducentas
424 1585 570 1665 nuptuire
585 1591 658 1664 post
673 1589 790 1644 mortes

137 1670 308 1748 Virumque
327 1669 454 1730 demens
471 1670 627 1730 cineribus
640 1670 701 1729 tuis
719 1668 841 1747 quaeris

93 1755 276 1816 20Prurire.
306 1753 406 1832 Quid,
428 1754 552 1814 futuere
566 1755 634 1833 quis
648 1751 725 1812 velit
740 1749 866 1812 saxum?

138 1839 214 1914 Quis
230 1839 389 1916 coniugem
404 1845 454 1914 te,
478 1840 545 1917 quis
558 1839 680 1898 vocabit
693 1835 847 1913 uxorem,

136 1920 330 1983 Philomelus
345 1924 439 1982 aviam
456 1941 544 2000 quarn
558 1927 718 1982 vocaverat
733 1917 855 2000 nuper?

137 2004 269 2082 Quodsi
284 2004 413 2066 cadaver
428 2008 523 2084 exigis
538 2016 622 2065 tuum
638 2004 748 2084 scalpi,

138 2088 304 2149 Sternatur
323 2089 469 2150 aGoride
485 2087 683 2149 arclriclinico
697 2089 815 2162 lectus,

93 2183 128 2236 25
137 2171 352 2234 Talassionem
368 2175 419 2253 qui
433 2181 517 2233 tuum
534 2172 625 2232 decet
642 2170 741 2249 solus,

136 2257 296 2336 Ustorque
310 2256 417 2317 taedas
435 2258 593 2338 praeferat
607 2275 703 2316 novae
717 2252 845 2333 nuptae:

136 2339 259 2402 latrare
273 2343 304 2402 in
319 2343 411 2402 istum
428 2341 492 2402 sola
506 2342 557 2401 fax
570 2347 675 2421 potest
689 2356 828 2401 cunnum.

519 2476 626 2537 xciv.
664 2469 670 2481 ⁸

135 2587 216 2648 Esse
230 2606 324 2667 negas
341 2594 459 2647 coctum
475 2585 617 2668 leporem
632 2592 796 2670 poscisque
811 2593 941 2674 flagella.

180 2670 296 2750 Maris,
317 2671 415 2750 Rufe,
438 2692 544 2732 cocum
560 2673 720 2753 scindere,
744 2695 833 2754 quarn
847 2678 996 2758 leporem.

528 2807 622 2869 XCV.

136 2915 298 2996 Nunquam
314 2917 391 2978 dicis
406 2938 477 2998 ave,
498 2919 555 2980 sed
570 2919 695 3000 reddis,
717 2921 871 3004 Naerole,
894 2944 1034 3005 semper,

180 3000 271 3077 Quod
286 3004 374 3081 prior
387 3011 419 3063 et
432 3024 540 3071 corvus
552 3005 658 3065 dicere
671 3025 763 3087 saepe
780 3007 869 3069 solet.

139 3084 202 3144 Cur
218 3087 278 3146 boc
293 3093 438 3166 expectas
453 3108 469 3146 a
483 3105 532 3148 me
547 3107 639 3168 rogo,
662 3090 813 3169 Naevole,
837 3091 934 3153 dicas:

180 3168 255 3229 Nam
270 3177 345 3250 puto
360 3189 409 3231 me
424 3168 551 3249 melior,
573 3173 721 3250 Naevole,
744 3194 802 3234 nec
817 3179 905 3255 prior
919 3195 960 3236 es.

115 3250 280 3313 5Praemia
294 3252 417 3313 laudato
435 3256 545 3314 tribuit
558 3259 632 3316 mihi
650 3259 763 3316 Caesar
778 3267 910 3336 uterque

181 3335 393 3416 Natorumque
408 3337 495 3398 dedit
510 3341 576 3400 iura
591 3349 719 3421 paterna
734 3344 844 3417 trinm;

138 3419 203 3479 Orc
215 3419 306 3500 legor
322 3421 419 3482 multo
433 3430 599 3504 notumque
614 3445 671 3507 per
687 3425 801 3506 oppida
814 3445 930 3486 nomen

91 3503 200 3566 Maur.
804 3594 808 3599 ι
886 3510 913 3570 b
