2370 3840
110 194 174 260 208
436 193 480 254 M.
495 193 588 256 VAL.
605 193 830 255 Mali'rlnnls

194 346 361 408 Nolentem
379 345 535 424 sequitur,
554 351 726 423 tenuesque
742 364 868 405 reversa
882 364 940 425 per
956 366 1047 410 auras

237 429 298 492 Vel
313 429 394 510 pede
409 427 459 488 vel
474 435 580 507 tergo,
603 431 689 488 crine
703 428 754 489 vel
766 447 867 508 ungue
884 427 983 492 sedet.

174 514 329 577 5Lnbrica
343 513 474 592 Corycio
491 514 626 590 quamvis
639 514 701 572 siut
713 511 832 592 pulpita
846 514 949 574 nimbo

236 599 278 659 Et
292 599 413 677 rapiant
427 594 549 656 celeres
563 594 632 656 vela
648 603 758 674 negata
772 597 860 674 Noti,

196 681 328 741 Securos
342 682 432 760 pueri
447 679 592 758 neglecta
605 678 799 759 perambulat
814 686 914 758 ortus,

236 767 278 826 Et
292 770 385 825 nocet
401 764 513 823 artifici
527 770 636 824 ventus
652 769 685 823 et
699 762 780 822 unda
793 762 881 824 nihil.

108 887 111 893 -
196 849 239 910 Ut
255 867 387 928 peccare
401 846 495 925 velis,
516 866 583 906 cum
598 848 713 906 feceris
729 849 845 925 omnia,
867 844 935 907 falli

154 943 188 996 10
235 932 305 992 Non
320 938 424 1011 potes:
445 936 512 990 arte
527 950 603 1009 opus
619 937 683 1008 est,
706 938 741 990 ut
754 932 812 990 tibi
826 950 931 1010 parma
946 929 1046 997 cadat.

562 1063 699 1124 XXXIX.

195 1177 299 1238 Prima
312 1175 454 1236 Palatino
468 1175 520 1237 lux
536 1183 584 1236 est
602 1177 678 1235 haec
693 1181 762 1241 orta
776 1177 927 1255 Tonanti,

238 1260 385 1341 Optasset
400 1258 519 1339 Cybele
536 1280 595 1341 qua
609 1261 771 1340 peperisse
784 1260 896 1324 lovem.

195 1346 261 1404 Hac
279 1352 312 1404 et
326 1350 431 1404 sancta
445 1346 506 1404 mei
520 1345 624 1422 genita
639 1349 688 1403 est
704 1345 855 1404 Caesonia
869 1345 947 1408 Rufi.

237 1427 313 1488 Plus
331 1427 427 1487 debet
441 1429 532 1487 matri
546 1426 631 1487 nulla
645 1425 751 1507 puella
766 1446 847 1487 suae.

173 1513 349 1576 tLaetatur
363 1513 483 1589 gemina
497 1517 638 1571 votorum
652 1518 737 1571 sorte
752 1512 895 1590 maritus,

239 1594 378 1672 Contigit
391 1595 472 1653 huno
486 1593 535 1653 illi
550 1593 632 1673 quod
646 1596 693 1654 bis
708 1613 809 1654 amare
827 1593 918 1658 diem.

603 1727 667 1788 XL.

197 1839 347 1919 Tarpeias
361 1839 516 1899 Diodorus
531 1839 569 1899 ad
585 1860 713 1902 coronas

196 1922 322 1982 Romam
339 1944 406 1985 cnm
421 1930 547 2002 peteret
561 1924 663 1984 Pharo
678 1925 806 2006 relicta,

194 2006 288 2069 Vovit
302 2027 360 2087 pro
378 2006 480 2069 reditu
496 2009 554 2068 viri
569 2009 744 2088 Philaenis,

195 2088 283 2150 Illam
297 2090 433 2171 lingeret
447 2100 482 2152 ut
495 2091 601 2173 puella
617 2093 764 2175 simplex,

174 2176 295 2251 5Quam
312 2183 413 2237 castae
429 2196 550 2255 quoque
568 2176 699 2256 diligunt
713 2178 852 2237 Sabinae.

195 2259 343 2339 Dispersa
357 2267 425 2320 rate
440 2263 581 2320 tristibus
595 2261 743 2340 procellis
799 2285 800 2288 ¹

195 2342 319 2404 Mersus
334 2345 478 2404 fluctibus
494 2346 682 2422 obrutusque
696 2352 792 2425 ponto

197 2424 247 2484 Ad
261 2432 364 2486 votum
378 2427 532 2488 Diodorus
548 2431 690 2488 enatavit.

199 2509 225 2568 0
241 2509 347 2570 tardus
362 2512 452 2571 nimis
469 2517 501 2570 et
515 2512 605 2590 piger
619 2512 759 2571 maritus!

154 2593 262 2653 10Hoc
275 2595 308 2650 in
322 2593 416 2654 litore
431 2595 457 2654 si
471 2593 574 2673 puella
588 2602 690 2654 votum

197 2675 339 2737 Fecisset
353 2697 437 2757 mea,
457 2679 598 2757 protinus
614 2677 774 2739 redissem.

593 2811 669 2872 XLI.

197 2918 343 2995 Pontice,
365 2919 447 2998 qnod
460 2941 614 3001 nunquam
629 2922 740 2999 futuis,
762 2922 819 2982 sed
832 2921 946 3004 pellice
962 2920 1049 2984 laeva

239 3001 345 3062 Uteris
361 3008 394 3062 et
408 3003 526 3065 Veneri
541 3007 636 3066 servit
654 3007 749 3066 amica
762 3026 886 3086 manus,

196 3086 264 3145 Hoc
276 3082 356 3144 nihil
368 3104 436 3144 esse
448 3090 561 3167 putas?
573 3088 675 3150 scelus
688 3097 746 3169 est,
760 3092 835 3150 milri
848 3088 952 3170 crede,
965 3089 1021 3151 sed
1031 3091 1158 3173 ingens,

240 3169 393 3246 Quantum
407 3171 456 3230 vix
471 3173 568 3232 animo
585 3175 721 3255 concipis
736 3176 803 3255 ipse
817 3182 880 3237 tuo.

174 3253 316 3333 §Nempe
331 3253 429 3314 semel
444 3255 554 3334 futuit,
576 3264 741 3334 generaret
754 3258 902 3319 Horatius
917 3265 952 3318 ut
965 3266 1051 3335 tren

238 3338 324 3397 Mars
339 3337 453 3418 semel,
475 3346 509 3398 ot
523 3341 660 3418 geminos
675 3341 729 3401 llia
744 3349 827 3402 casta
842 3341 939 3403 daret.

200 3419 309 3501 Omnia
321 3422 540 3503 perdiderant,
563 3424 590 3483 si
603 3428 808 3487 masturbatus
823 3432 956 3509 uterque

64 3504 158 3620 Ἰ
