2370 3840
318 226 657 287 EPIGRAMMATON
670 227 745 293 LIB.
761 229 838 292 Vlll.
1031 231 1093 296 189

137 373 286 454 Diligeris
294 376 414 456 populo
429 396 492 438 uon
506 383 637 457 propter
650 381 802 459 praemia,
823 381 955 460 Caesar,

178 460 314 541 Propter
327 466 360 520 te
374 459 506 541 populus
520 462 672 542 praemia,
694 463 824 544 Caesar,
847 472 935 525 amat.

542 588 606 652 LV.

138 699 272 761 Auditur
288 707 433 780 quantum
449 701 585 782 Massyla
599 721 657 782 per
672 703 736 762 avia
751 720 903 780 murmur,

178 784 342 845 Innumero
360 787 502 864 quotiens
517 784 594 847 silva
608 785 700 846 leone
714 785 807 863 furit,

137 864 273 928 Pallidus
291 870 438 929 attonitos
454 869 492 929 ad
506 870 610 931 Poena
625 868 755 949 mapalia
768 874 875 949 pastor

182 949 259 1011 Cum
274 959 399 1012 revocat
412 960 517 1013 tauros
533 960 566 1014 et
580 955 647 1014 sine
662 959 766 1014 mente
781 971 894 1033 peous:

116 1031 262 1094 5Tantns
276 1037 309 1094 in
324 1037 460 1097 Ausonia
474 1037 602 1098 fremuit
616 1036 707 1098 modo
722 1045 827 1096 terror
841 1037 967 1098 harena.

182 1117 257 1193 Quis
272 1138 333 1180 non
350 1138 419 1181 esse
435 1139 561 1200 gregem
576 1121 744 1182 erederet?
766 1139 843 1180 unus
860 1128 943 1200 erat,

139 1199 203 1261 Sed
218 1204 304 1263 euius
318 1209 491 1264 tremerent
504 1207 564 1284 ipsi
579 1223 701 1285 quoque
715 1206 783 1264 iura
796 1202 923 1284 leones,

180 1285 238 1345 Cui
254 1284 394 1347 diadema
409 1287 499 1348 daret
513 1307 665 1348 marmore
679 1289 762 1368 pieta
776 1287 896 1349 Nomas.

138 1367 165 1427 0
182 1375 327 1446 quantum
342 1390 400 1451 per
415 1369 497 1431 eolla
512 1370 623 1450 decus,
647 1389 737 1450 quem
752 1372 866 1450 sparsit
879 1371 1027 1432 honorem

97 1460 131 1511 10
180 1452 283 1511 Aurea
295 1451 435 1532 lunatae,
455 1473 523 1514 oum
539 1456 642 1533 stetit,
664 1457 772 1515 umbra
786 1455 892 1514 iubae!

96 1548 99 1556 ’
140 1534 277 1595 Grandia
293 1556 381 1614 quam
397 1536 502 1598 decuit
515 1538 609 1598 latum
625 1537 773 1599 venabula
787 1544 897 1619 peetus

183 1619 363 1699 Quantaque
379 1621 418 1681 de
434 1640 542 1700 magua
556 1621 665 1700 gaudia
679 1628 779 1683 morte
794 1621 881 1683 tulit!

138 1701 230 1762 Unde
245 1705 325 1782 tuis,
347 1705 463 1785 Libye,
485 1712 547 1766 tam
561 1704 639 1766 felir
654 1705 753 1785 gloria
769 1704 876 1766 silvia?

181 1787 208 1846 A
225 1787 361 1866 Cybeles
375 1789 524 1869 numquid
539 1797 667 1850 venerat
681 1788 737 1850 ille
751 1790 846 1869 iugo?

96 1877 128 1930 15
138 1869 187 1929 An
202 1872 298 1948 magis
312 1871 488 1952 Herculeo,
511 1874 713 1952 Germanice,
735 1875 819 1934 misit
834 1876 871 1933 ab
886 1880 968 1934 astro

129 1953 132 1959 '
181 1953 269 2013 Hane
284 1955 342 2015 tibi
357 1956 408 2016 vel
421 1957 535 2035 frater,
557 1955 607 2016 vel
623 1963 713 2036 pater
728 1959 796 2037 ipse
811 1957 933 2017 feram‘.l

534 2096 611 2159 LVl.

139 2205 345 2287 Temporibus
359 2211 474 2270 uostris
491 2214 574 2269 aetas
590 2228 658 2269 oum
674 2206 765 2268 cedat
781 2226 904 2268 avorum

179 2290 324 2371 Creverit
340 2299 372 2352 et
386 2295 483 2354 maior
499 2312 568 2353 oum
583 2292 661 2352 duee
676 2291 772 2352 Roma
786 2310 858 2368 suo,

136 2372 296 2451 ingenium
310 2378 390 2436 sacri
405 2378 527 2437 miraris
542 2375 653 2437 deesse
668 2376 823 2452 Maronia,

177 2457 243 2517 Neo
259 2477 440 2540 quemquam
456 2467 541 2521 tanta
555 2459 641 2521 bella
655 2477 767 2520 sonare
783 2458 865 2519 tuba.

115 2539 219 2601 5Sunt
233 2542 451 2623 Maecenates,
472 2564 533 2604 uon
551 2543 700 2622 deerunt,
721 2542 852 2620 Flaooe,
874 2542 1021 2603 Marones

177 2624 414 2706 Vergiliumque
429 2629 488 2688 tibi
500 2626 551 2689 vel
565 2635 618 2688 tua
631 2647 704 2688 rura
719 2625 843 2687 dabunt.

135 2706 244 2785 Iugera
258 2709 441 2788 perdiderat
455 2714 587 2772 miserae
601 2713 700 2772 vicina
716 2711 888 2771 (iremonae

178 2789 293 2851 Flebat
307 2799 339 2852 et
354 2793 500 2855 abductas
516 2795 645 2875 Tityrus
662 2813 755 2873 aeger
770 2812 852 2853 oves.

136 2872 219 2934 Risit
233 2873 353 2935 Tuscus
369 2895 483 2956 eques,
506 2885 782 2959 paupertatemque
797 2876 958 2956 malignam

96 2964 130 3017 lo
178 2956 329 3037 Reppulit
344 2966 378 3020 et
392 2958 491 3021 celeri
506 2963 597 3021 iussit
612 2962 698 3022 abire
713 2962 794 3040 iuga.

136 3041 275 3121 „Accipe
292 3041 413 3103 divitias
428 3048 460 3103 et
475 3050 576 3104 vatum
591 3047 737 3105 maximus
753 3050 838 3118 esto;

179 3125 230 3184 Tu
243 3123 320 3186 licet
335 3133 368 3186 et
381 3128 543 3186 nostrum“
559 3126 636 3188 dixit
650 3127 786 3207 „Alexin
801 3131 917 3193 ames.“
1032 3149 1034 3155 ·

134 3208 265 3269 Astabat
280 3209 396 3270 domini
410 3212 526 3271 mensis
540 3211 768 3291 pulcherrimus
783 3210 839 3271 ifle

176 3292 356 3355 Marmorea
368 3293 502 3355 fundens
516 3296 604 3375 nigra
618 3295 752 3357 Falerna
766 3314 872 3373 manu,

93 3375 172 3436 rant
186 3375 282 3438 libata
297 3376 389 3439 dabat
402 3379 503 3439 roseis
518 3380 676 3440 oarobesia
692 3379 806 3454 labris,

178 3460 263 3535 Quae
277 3468 424 3542 poteraut
437 3464 537 3545 ipsum
550 3462 721 3524 sollicitare
735 3463 847 3522 lovem.
