2370 3840
100 213 163 311 178
427 216 819 279 M.VAL.MART1AL18

594 420 644 481 IX.

184 529 314 592 Solvere
330 529 512 592 dodrantem
526 551 626 612 nuper
641 533 714 610 tibi,
737 533 868 611 Quinte,
890 531 1017 595 volebat

225 615 341 698 Lippus
355 615 470 695 Hylas,
491 615 596 676 luscus
612 614 677 675 volt
691 614 765 676 dare
781 616 948 680 dimidium.

184 701 299 780 Accipe
315 701 554 780 quamprimum
576 700 679 759 brevis
693 708 742 759 est
757 702 876 761 occasio
890 699 982 766 lueri.

225 783 259 843 Si
272 784 370 844 fuerit
385 802 510 862 caecus,
531 780 578 843 nil
592 784 649 843 tibi
665 781 766 844 solvet
778 782 884 863 Hylas.

597 917 636 979 X.
944 934 985 1012 ,s

184 1028 268 1088 Emit
282 1027 422 1088 lacernas
437 1027 560 1089 milibus
577 1028 684 1089 decem
699 1031 810 1088 Bassus

152 1120 156 1128 “
184 1111 295 1190 Tyrias
313 1112 426 1173 eoloris
442 1114 559 1193 optimi.
589 1113 769 1173 Lucrifeoit.

184 1193 294 1274 „Adeo
308 1197 390 1257 bene
405 1197 522 1258 emit‘i“
543 1199 655 1275 inquis.
684 1198 777 1256 lmmo
792 1215 854 1256 non
869 1195 977 1260 solvet.

593 1332 644 1394 Xl.

182 1443 366 1505 Pervenisse
385 1452 466 1506 tuam
482 1448 541 1507 iam
556 1453 588 1507 te
603 1448 662 1507 seit
675 1445 801 1506 Rhenus
816 1445 848 1503 in
863 1444 987 1518 urbem3

224 1528 251 1586 N
254 1548 301 1587 am
315 1527 423 1609 populi
437 1549 528 1590 voees
543 1530 628 1591 audit
642 1536 675 1591 et
689 1529 745 1589 ille
761 1529 816 1589 tui.

183 1611 365 1672 Sarmaticas
380 1614 472 1679 etiam
488 1619 596 1691 gentes
611 1615 813 1691 Histrumque
829 1611 986 1689 Getasque

223 1694 376 1756 Laetitiae
394 1695 508 1756 elamor
521 1698 636 1757 terruit
649 1698 717 1777 ipse
731 1713 838 1756 novae.

162 1778 263 1838 5Dum
279 1779 417 1857 telunga
434 1799 521 1840 sacro
535 1786 722 1841 venerantur
738 1778 846 1858 gaudia
859 1780 966 1856 circo,

224 1861 321 1922 Nemo
338 1869 448 1942 quater
461 1866 569 1925 missos
585 1883 712 1924 currere
727 1865 825 1924 sensit
839 1881 944 1942 equos.

182 1943 307 2005 Nullum
320 1948 417 2009 Roma
432 1947 557 2027 ducem,
579 1967 638 2008 nee
652 1956 685 2010 te
699 1948 760 2026 sio,
783 1948 913 2027 Caesar,
929 1946 1056 2006 amavit:

224 2030 272 2090 Te
287 2050 409 2110 qnoque
423 2035 483 2093 iam
500 2053 562 2094 non
576 2030 664 2114 plus,
684 2040 720 2093 ut
733 2028 810 2093 velit
822 2033 905 2112 ipsa,
925 2035 1040 2111 potest.

583 2184 647 2244 XII.

182 2292 318 2354 Uxorem
335 2313 429 2374 quare
445 2293 633 2376 locupletem
650 2294 765 2354 ducere
781 2290 893 2368 nolim,

225 2377 402 2451 Quaeritis?
434 2378 532 2439 Uxori
546 2382 663 2440 nubere
680 2376 753 2437 nolo
768 2394 865 2437 meae.

184 2459 317 2521 lnierior
332 2467 471 2522 matrona
485 2482 538 2522 suo
555 2464 611 2540 sit,
632 2463 757 2539 Prisce,
776 2461 902 2519 marito:

225 2543 293 2603 Nou
306 2542 399 2605 aliter
412 2545 489 2605 liunt
502 2546 617 2605 femina
631 2546 738 2621 virque
753 2561 854 2625 paret.

580 2678 658 2741 xm.
907 2708 937 2792 q„

184 2787 287 2848 Morio
304 2788 404 2851 dietus
418 2797 500 2851 erat:
516 2792 625 2871 viginti
639 2789 764 2852 milibus
777 2793 847 2852 emi.

226 2871 335 2933 Redde
350 2876 425 2935 mihi
440 2895 596 2954 nummos,
619 2874 810 2953 Gargiliane:
833 2875 921 2955 sapit.

578 3009 659 3073 xlv.

184 3116 305 3179 Pallida
318 3139 358 3180 ne
373 3119 502 3182 Cilicum
518 3125 646 3184 timeant
658 3124 796 3204 pomaria
809 3124 948 3183 brumam

227 3203 373 3264 Mordeat
389 3210 422 3264 et
435 3210 578 3266 tenerum
591 3209 704 3272 fortior
719 3227 792 3267 aura
805 3224 928 3283 nemus,

185 3286 333 3348 Hibernis
351 3289 472 3350 obieeta
488 3293 570 3350 notis
588 3290 760 3371 specularia
772 3309 867 3370 puros

212 3370 405 3433 Admittunt
417 3373 500 3434 soles
518 3381 551 3434 et
567 3377 634 3435 sine
648 3375 735 3435 faece
751 3373 842 3434 diern.

147 3453 310 3518 thilri
320 3456 402 3520 cella
418 3457 528 3541 datur,
549 3480 613 3522 nou
627 3465 695 3521 tota
706 3457 792 3519 elusa
801 3457 963 3532 ienestraq
