2370 3840
328 218 668 281 EPIGRAMMATON
678 219 752 281 LlB.
767 220 817 282 XI.
1030 222 1093 286 269

540 418 601 478 Lll.

136 535 268 596 Cenabis
283 529 385 609 belle,
407 529 465 591 luli
482 529 640 609 Cerealis,
663 531 743 610 apud
757 550 823 608 me;

177 617 322 679 Conditio
338 622 386 675 est
402 615 512 675 melior
527 616 553 674 si
568 617 626 675 tibi
640 614 740 692 nulla,
762 617 841 677 veni.

136 701 279 763 Octavam
295 701 414 781 poteris
429 716 572 774 servare3
592 699 761 759 lavabimur
775 719 851 759 una:

177 786 261 862 Scis,
283 803 372 863 quam
388 785 451 842 sint
463 783 616 862 'Stephani
631 782 742 843 balnea
756 784 860 843 iuncta
874 785 958 847 milri.

112 870 238 929 5Prima
252 869 310 928 tibi
325 867 448 927 dabitur
463 868 565 927 ventri
579 867 699 926 lactuca
713 867 864 927 movendo

174 950 285 1029 Utilis,
306 958 339 1011 et
354 953 457 1031 porris
471 951 523 1011 fila
537 958 659 1011 resecta
673 953 746 1014 suis.

134 1038 210 1096 Mox
223 1041 311 1095 vetus
328 1041 361 1094 et
375 1036 461 1095 tenui
477 1036 574 1094 maior
589 1035 716 1113 cordyla
729 1034 875 1114 lacerto,

177 1118 240 1179 Sed
257 1139 345 1198 quam
362 1138 429 1179 cum
445 1126 532 1179 rutae
548 1119 711 1179 frondibus
727 1140 782 1180 ova
796 1125 911 1199 tegant.

136 1204 244 1264 Altera
259 1223 320 1262 non
336 1201 470 1262 deerunt
484 1205 571 1263 tenui
586 1210 707 1263 versata
722 1202 829 1263 favilla

93 1299 126 1350 10
173 1289 216 1349 Et
230 1286 415 1349 Velabrensi
429 1307 526 1346 massa
543 1293 647 1346 coacta
662 1287 750 1360 foco;

133 1373 174 1431 Et
190 1390 267 1449 quac
282 1372 429 1429 Picenum
447 1377 612 1429 senserunt
624 1370 723 1447 frigus
738 1368 862 1430 olivae..

175 1455 262 1513 Haec
278 1454 351 1512 satis
367 1454 399 1510 in
415 1460 513 1530 gustu.
544 1453 659 1513 Cetera
672 1472 763 1512 nosse
778 1453 887 1534 cupis?

132 1539 286 1614 Mentiar,
307 1545 340 1596 nt
355 1538 476 1596 venias:
499 1538 617 1616 pisces,
641 1537 816 1616 conchylia,
839 1556 946 1597 sumen

174 1623 216 1680 Et
232 1622 348 1680 chortis
364 1627 481 1679 saturas
497 1628 589 1699 atque
604 1618 726 1700 paludis
742 1639 829 1700 aves,

92 1718 125 1768 15
134 1707 218 1781 Quae
233 1724 292 1764 nec
308 1702 408 1764 Stella
422 1704 503 1764 solet
515 1725 586 1765 rara
599 1706 660 1765 nisi
674 1723 794 1783 ponere
809 1724 895 1768 cena.

175 1789 249 1850 Plus
265 1808 322 1868 ego
338 1788 505 1868 polliceor:
526 1788 573 1848 nil
588 1791 726 1849 recitabo
742 1790 809 1849 tibi.

134 1876 202 1954 lpse
217 1882 286 1934 tuos
305 1875 394 1933 nobis
409 1873 531 1951 relegas
545 1871 623 1934 licet
640 1891 737 1951 nsque
755 1874 917 1951 Gigantas,

173 1958 256 2017 Rura
270 1955 321 2016 vel
335 1956 463 2017 aetern'o
477 1959 616 2036 proxima
630 1955 781 2034 Vergilio.
853 1983 857 1990 ·

530 2089 605 2152 Llll.

136 2202 266 2264 claudia
281 2202 433 2264 caeruleis
448 2223 516 2263 oum
531 2204 573 2263 sit
586 2204 695 2264 Rufina
708 2205 865 2265 Britannis

174 2287 283 2365 Edita,
306 2309 394 2367 quam
408 2288 515 2347 Latiae
530 2293 658 2367 pectora
673 2291 775 2367 gentis
789 2291 898 2349 habet!

134 2370 232 2447 Quale
248 2372 341 2433 decus
357 2372 491 2451 formae!
521 2372 687 2432 Romanam
702 2373 835 2434 credere
850 2379 965 2433 matres

175 2455 301 2516 Italides
315 2463 460 2536 possunt,
486 2455 632 2516 Atthides
648 2476 718 2517 esse
733 2478 825 2517 snam.

112 2541 174 2609 sui
189 2543 286 2619 bene,
310 2540 392 2619 quod
406 2546 510 2600 sancto
525 2542 651 2622 peperit
665 2540 798 2601 fecunda
814 2542 939 2620 marito,

175 2623 264 2698 Quod
279 2631 384 2704 sperat
397 2643 529 2703 generos
545 2624 688 2702 quodque
705 2622 810 2704 puella
823 2643 926 2684 nurus.

134 2706 184 2766 Sic
198 2706 319 2786 placeat
333 2710 471 2789 superis,
493 2715 528 2767 ut
543 2711 673 2784 coniuge
689 2706 821 2785 gaudeat
835 2727 895 2768 uno

173 2791 215 2848 Et
228 2808 351 2870 semper
365 2792 445 2849 natis
460 2790 591 2868 gaudeat
604 2788 662 2849 illa
678 2792 786 2850 tribus.

532 2922 611 2984 LIV.

132 3038 296 3114 Unguenta
310 3043 343 3096 et
359 3039 455 3097 casias
471 3046 504 3099 et
519 3036 656 3099 olentem
671 3040 780 3102 funera
794 3044 949 3122 myrrham

175 3121 320 3199 Turaque
336 3120 375 3179 de
390 3120 493 3183 medio
507 3124 721 3184 semicremata
734 3146 826 3206 rogo,

131 3205 173 3264 Et
188 3224 265 3284 quae
280 3204 319 3265 de
337 3205 443 3285 Stygio
459 3209 588 3288 rapuisti
603 3210 742 3270 cinnama
754 3209 857 3287 lecto,

174 3288 317 3368 improbe
333 3290 373 3349 de
388 3293 487 3373 turpi,
510 3292 617 3371 Zoile,
638 3294 738 3354 redde
753 3297 830 3355 sinu.

109 3371 163 3430 bA
176 3373 308 3450 pedibus
323 3372 463 3435 didicere
480 3397 584 3436 manua
600 3397 732 3458 peccare
749 3389 935 3457 protensas.

174 3455 243 3514 Non
256 3459 353 3518 miror
367 3459 488 3543 furem,
513 3463 568 3544 qni
581 3463 739 3542 lagitione
757 3479 847 3521 eras.
