2370 3840
142 206 205 273 146
464 205 510 269 Μ.
525 202 619 267 VAL.
634 201 861 264 MARTIALIS

586 406 749 468 LXXVIII.

226 520 323 580 Potor
336 514 476 596 nobssis,
489 515 584 596 Aule,
605 515 722 578 lumine
737 535 797 576 uno

225 603 343 665 Luscus
357 603 462 682 Phryx
476 608 544 662 erat
559 601 719 679 alteroque
732 599 845 681 lippus.

226 689 307 748 Huic
321 688 423 747 Heras
437 686 575 746 medicus
588 686 702 765 „Bibas
718 690 841 745 caveto:

226 772 339 835 Vinum
353 773 380 832 ai
394 772 530 848 biberis,
550 769 630 829 nihil
644 767 796 829 videbis.“

202 854 342 915 5Ridens
355 856 461 934 Phryx
475 852 564 913 oculo
577 852 748 931 „Valebis“
763 852 873 930 inquit.

143 1003 145 1008 ,
224 939 355 1000 Misceri
369 939 429 998 sibi
442 938 584 1017 protinus
599 935 752 1013 deunces,

226 1022 291 1083 Sed
305 1023 433 1082 crebros
447 1022 543 1082 iubet.
570 1021 694 1080 Exitum
708 1018 865 1098 requiris?

224 1107 339 1170 Vinum
351 1106 473 1185 Phryx,
495 1102 602 1165 oculus
616 1106 697 1165 bibit
709 1119 870 1165 venenum.

593 1265 730 1329 LXXIX

226 1379 341 1440 Tristis
356 1397 390 1439 es
407 1383 441 1438 et
452 1375 545 1454 feli13
567 1380 644 1440 sciat
657 1381 717 1440 hoc
729 1380 869 1443 Fortuna
883 1386 1007 1442 caveto:

266 1463 422 1541 Ingratum
436 1461 521 1523 dicet
533 1469 584 1542 te,
605 1464 709 1545 Lupe,
731 1467 759 1526 si
774 1466 890 1526 scierit.

601 1625 723 1687 LXXX.

224 1737 268 1799 Ut
281 1756 359 1797 nova
373 1735 453 1796 dona
467 1735 540 1813 tibi,
562 1735 693 1814 Caesar,
715 1736 849 1798 Nilotica
862 1738 955 1800 tellus

267 1820 400 1880 Miserat
413 1821 559 1880 hibernas
574 1821 734 1881 ambitiosa
748 1840 851 1901 rosas,

223 1904 332 1964 Navita
347 1903 458 1964 derisit
470 1903 601 1964 Pharios
615 1905 835 1986 Memphiticus
850 1907 975 1985 hortos,

265 1987 360 2048 Urbis
374 1994 409 2049 ut
420 1989 547 2048 Intravit
560 1987 665 2048 limina
680 1990 780 2071 primo
794 1996 875 2054 tuae.

204 2071 346 2134 5Tantus
360 2073 443 2132 veris
456 2073 555 2132 bonos
570 2078 603 2133 et
617 2071 731 2134 odorae
746 2075 845 2154 gratia
857 2073 989 2156 Florae,

267 2156 428 2235 Tantaque
441 2157 586 2217 Paestani
599 2155 699 2237 gloria
712 2159 795 2219 ruris
811 2166 887 2222 erat.

224 2241 276 2302 Sic
291 2259 472 2320 quacunque
489 2260 581 2319 vagus
595 2261 796 2321 gressumque
810 2242 978 2322 oculosque
991 2243 1130 2320 ferebat,

268 2323 447 2385 Tonsilibus
462 2326 556 2384 sertis
571 2343 660 2385 omne
673 2328 806 2386 rubebat
822 2329 894 2387 iter.

228 2408 268 2470 At
282 2413 316 2467 tu
329 2407 484 2468 Romanae
499 2409 599 2469 iussus
612 2410 673 2468 iam
688 2408 802 2469 cedere
816 2412 959 2487 brumae,

182 2501 218 2555 10
264 2491 359 2551 Mitte
373 2497 441 2553 tuas
455 2510 588 2572 messes,
609 2494 730 2571 accipe,
750 2491 837 2571 Nile,
858 2512 954 2554 rosas.
982 2554 992 2569 ‚

591 2639 725 2700 LXXXI.

223 2750 323 2811 Iratus
336 2756 481 2831 tanquam
496 2750 628 2832 populo,
650 2751 852 2833 Charideme,
872 2751 999 2816 lavaris:

265 2835 391 2912 Inguina
405 2837 449 2895 sic
463 2842 530 2896 toto
546 2835 663 2896 subluis
676 2839 709 2897 iu
724 2836 811 2901 solio.

222 2917 288 2978 Nec
303 2921 394 2998 'caput
407 2920 458 2979 hic
476 2919 587 2980 vellem
603 2923 647 2982 sic
662 2927 713 3000 te,
735 2922 937 3000 Charideme,
954 2919 1076 2996 lavare;

267 3003 310 3063 Et
325 3007 431 3082 caput,
453 3021 544 3082 ecce,
564 3002 662 3065 lavas:
683 3008 809 3086 inguina
823 3005 902 3068 malo
919 3006 1011 3067 laves.

583 3152 730 3216 LXXXII.

224 3262 354 3340 Quidam
368 3282 417 3324 me
431 3263 539 3344 modo,
557 3266 655 3344 Ruic,
677 3266 843 3346 diligenter

222 3347 414 3428 Inspectum,
435 3347 520 3409 velut
534 3355 655 3430 emptor
669 3356 721 3410 aut
732 3350 860 3431 lanista,

223 3432 301 3492 Cum
315 3432 400 3493 voltu
415 3432 574 3514 digitoque
588 3434 798 3515 subnotasset,
