2370 3840
313 203 652 266 EPIGRAMIIITON
664 206 738 268 LIB.
752 207 806 271 lv.
1039 210 1082 274 ⁹5

507 405 626 468 XLVII.

123 525 299 586 Encaustus
312 519 475 579 Phaethon
490 517 593 579 tabula
607 521 666 580 tihi
679 521 780 600 pictus
793 524 827 582 in
840 524 899 584 hac
912 531 970 586 est.

167 605 251 683 Quid
263 604 321 664 tihi
334 604 396 681 vis,
417 602 560 682 dipyrum
576 605 627 682 qui
641 604 836 666 Phaethonta
848 606 948 667 facia!

498 737 629 799 XLVIII.

123 850 252 912 Percidi
266 846 396 930 gaudes,
417 851 573 929 percisos,
592 849 718 930 Papile,
738 849 853 932 ploras.

168 936 250 1012 Gur,
272 951 351 1013 quae
365 933 410 993 uis
423 933 508 1012 heri,
530 933 653 1015 I’apile,
673 935 755 995 Iacta
770 933 880 996 doles?

126 1019 276 1079 Poenitet
290 1019 443 1077 obscenae
457 1018 647 1096 prurIginisi
669 1039 706 1079 an
722 1020 817 1097 magis
832 1017 912 1080 Illud

166 1101 261 1181 Fles,
284 1101 368 1181 quod
381 1101 517 1182 percidi,
538 1101 667 1181 Papile,
689 1103 845 1163 desieris?

512 1235 617 1296 XLIX.

125 1353 253 1430 Nescit,
275 1350 370 1412 crede
384 1352 475 1429 mihi,
497 1351 571 1431 quid
585 1355 648 1412 sint
663 1355 894 1432 epigrammata,
911 1350 1041 1431 Flacco,

27 1501 30 1504 .
169 1437 230 1514 Qui
243 1442 362 1495 tantum
375 1434 462 1495 lusus
474 1437 533 1495 ista
547 1437 693 1515 iocosque
707 1441 804 1496 vocat.

126 1519 185 1583 lllc
200 1521 295 1599 magia
308 1518 403 1599 ludit,
425 1521 477 1599 qui
491 1520 600 1581 scribit
613 1520 742 1600 prandia
755 1520 838 1580 saevi

171 1605 311 1682 Tereos,
332 1610 383 1663 aut
397 1622 520 1683 cenam,
542 1604 638 1664 crude
653 1604 806 1685 Thyesta,
830 1610 930 1684 tuam,

105 1689 194 1750 oAut
206 1706 305 1768 puero
318 1685 451 1765 liquidas
465 1695 620 1767 aptantem
633 1688 792 1749 Daedalon
807 1685 887 1767 alas,

170 1772 352 1832 Pascentem
368 1771 486 1832 Siculas
500 1779 551 1832 aut
563 1773 776 1854 Polyphemon
794 1791 874 1833 oves.

128 1856 285 1917 dnostris
299 1854 408 1936 procul
423 1863 471 1916 est
486 1858 584 1916 omnis
599 1859 700 1918 uesica
714 1854 848 1935 libellis,

170 1941 262 2000 Musa
275 1957 333 1999 nec
346 1940 453 2000 insano
468 1946 602 2020 syrmate
615 1946 720 2001 nostra
734 1947 841 2001 tumet.

128 2022 209 2104 „Illa
222 2030 325 2084 tamen
337 2021 465 2085 laudant
478 2043 600 2103 omnes,
621 2026 788 2103 mirantur,
811 2022 973 2086 adorant.“

86 2119 122 2172 10
172 2107 347 2169 Confiteor:
368 2105 496 2169 laudant
508 2107 582 2187 illa,
605 2106 661 2168 sed
674 2110 734 2170 ista
746 2108 862 2187 legunt.

543 2242 578 2302 L.

130 2351 212 2429 Quid
226 2371 293 2432 me,
315 2353 413 2433 Thai,
435 2374 540 2415 senem
555 2352 685 2415 subinde
701 2354 800 2415 diets?

129 2437 227 2498 Nemo
242 2441 306 2516 est,
329 2437 425 2518 Thai,
446 2457 540 2500 senex
555 2438 594 2499 ad
609 2436 827 2499 irrumandum.

538 2588 587 2648 LI.

132 2696 209 2755 cum
224 2697 282 2757 tibi
295 2717 358 2757 non
373 2705 478 2759 essent
490 2718 544 2760 sex
558 2698 656 2778 milia,
679 2696 872 2776 Caeciliano,

173 2780 295 2858 Ingenti
308 2781 372 2842 Iate
386 2789 492 2843 rectus
507 2803 540 2843 es
554 2784 748 2862 hexaphoro;

130 2862 297 2943 Postquam
312 2866 359 2925 hia
375 2864 501 2927 deciens
515 2868 624 2926 tribuit
641 2864 700 2925 dea
715 2881 807 2924 caeca
820 2864 981 2941 siaumque

173 2947 337 3028 Ruperunt
350 2952 483 3027 nummi,
504 2951 604 3010 factus
621 2969 670 3026 es,
693 2967 783 3024 ecce,
803 2945 912 3028 pedes.

108 3030 215 3106 {Quid
229 3034 287 3092 tihi
301 3053 358 3113 pro
373 3035 493 3094 meritis
508 3040 540 3093 et
555 3034 648 3093 tantis
659 3028 803 3091 laudibus
819 3029 945 3111 optem?

171 3115 211 3174 Di
226 3115 359 3191 reddant
374 3116 497 3196 sellam,
519 3115 713 3194 caeciliane,
733 3114 800 3174 thI.

538 3249 600 3312 LII.

133 3361 258 3423 Gestari
272 3363 386 3424 iunctis
400 3363 462 3422 uisi
477 3361 610 3440 desInIs,
632 3357 774 3438 Hedyle,
796 3359 914 3437 capris,

176 3446 236 3522 Qui
251 3446 341 3529 modo
353 3448 430 3508 ficus
448 3463 534 3528 eras,
555 3447 617 3507 iam
632 3443 798 3526 caprihcus
810 3443 888 3502 erIs.
