2370 3840
119 196 180 262 182
444 197 489 260 M.
506 195 597 259 VAL.
612 194 837 256 MARTIALIS

201 351 270 410 Non
285 350 489 409 Athamanteo
504 348 606 427 potius
621 365 670 406 me
684 348 780 406 mirer
794 348 827 406 in
842 367 933 428 auro,

160 444 195 499 20
242 433 385 494 Aeolium
401 431 498 491 (lones
512 433 539 491 si
553 431 645 509 mihi,
664 430 795 510 Phrixe,
816 450 921 511 pecus.

204 517 230 577 0
247 522 376 596 quantos
392 517 472 576 risus
486 516 605 596 pariter
621 520 760 594 spectata
774 517 912 576 movebIt
1036 512 1040 519 “

245 602 321 662 (lum
333 599 471 659 Palatino
484 605 591 660 nostra
603 598 729 658 lacerna
743 600 829 678 toga!

584 731 694 794 xxix.
1009 690 1045 761 „f

201 847 340 908 Disticha
356 846 409 924 qui
423 845 547 922 scribit,
568 849 661 923 puto,
681 842 747 903 volt
761 844 914 904 brevitate
928 845 1065 924 plaeere.

246 929 328 1009 Quid
340 928 472 1010 prodest
485 929 639 1004 brevitas,
663 926 713 986 die
727 928 820 1006 mini,
841 929 868 988 si
881 925 965 989 liber
979 931 1052 990 esti

589 1061 683 1122 XXX.

203 1178 262 1255 Qui
274 1197 356 1238 nune
371 1178 542 1238 Caesareae
555 1176 640 1238 lusus
656 1182 814 1256 spectatur
828 1179 980 1256 harenae,

246 1261 452 1343 Temporibus
468 1262 557 1322 Bruti
572 1260 671 1339 gloria
685 1280 800 1321 summa
814 1261 883 1323 fuit.
1000 1302 1017 1313 ,

202 1347 341 1426 Aspicis,
364 1349 400 1405 ut
412 1351 519 1407 teneat
534 1348 669 1406 flammas
683 1364 845 1426 poenaque
859 1346 981 1405 fruatur

243 1430 349 1491 FortIs
364 1436 397 1491 et
410 1431 540 1491 attonito
555 1435 668 1508 regnet
683 1431 717 1489 In
731 1431 803 1508 igne
819 1429 938 1489 manus!

181 1513 273 1594 blpse
289 1515 338 1574 sui
352 1520 510 1594 spectator
522 1513 611 1574 adest
626 1521 659 1572 et
673 1513 778 1574 nobile
794 1512 923 1573 dextrae

242 1597 348 1657 Funus
364 1603 460 1657 amat:
481 1597 557 1657 toIIs
571 1598 709 1677 peneltur
724 1595 781 1657 illa
796 1599 900 1657 saeris.

204 1680 294 1758 Quod
307 1681 368 1740 nisi
385 1686 473 1760 rapta
486 1681 571 1741 foret
585 1679 707 1741 nolenti
720 1675 836 1760 poena,
857 1679 986 1760 parebat

245 1764 372 1824 Saevior
385 1765 417 1823 In
431 1763 592 1824 lassos'ire
606 1764 732 1824 sinistra
746 1765 842 1826 iocos.

203 1848 291 1908 Scire
305 1850 392 1929 piget.
406 1854 479 1928 post
491 1847 554 1908 tale
570 1847 680 1926 alecus,
702 1847 777 1926 quial
790 1848 904 1908 fecerit
919 1853 1006 1907 ante:

99 1985 102 1991 .
160 1941 196 1994 10
244 1932 340 2009 Quam
351 1931 431 2011 vidi,
453 1933 526 1992 satis
542 1937 591 1993 est
604 1933 683 1992 bane
696 1933 772 1992 mibi
786 1950 878 1991 nosse
894 1949 1022 1990 manum.

588 2082 695 2144 XXXI.

203 2195 315 2256 Nescio
331 2194 405 2274 quial
420 2193 459 2255 (le
474 2200 507 2271 te
520 2215 584 2256 non
597 2197 699 2276 belle,
720 2199 839 2274 Denta,
860 2195 986 2271 fateris,

245 2279 385 2358 Coniuge
400 2280 452 2359 qul
468 2277 559 2340 dueta
573 2281 641 2341 Iure
655 2287 785 2363 paterne
797 2280 889 2360 petis.

203 2362 268 2423 Sed
281 2365 342 2422 iam
356 2360 546 2443 supplicibus
564 2362 718 2425 dominum
732 2364 848 2425 laesere
861 2359 981 2424 libellis

244 2447 360 2506 Desine
374 2452 407 2506 et
421 2447 454 2506 in
468 2448 599 2526 patriam
613 2467 701 2507 serus
717 2451 753 2510 rb
769 2450 847 2509 urbe
861 2446 940 2507 rodi.

181 2530 277 2591 bNam
294 2529 366 2590 alum
379 2536 412 2589 tn
426 2531 519 2608 longe
535 2529 660 2591 deserta
672 2551 769 2593 uxore
784 2531 898 2612 diuque

248 2613 330 2673 'l'res
346 2615 468 2692 quaerIs
482 2619 587 2693 natos,
611 2621 754 2693 quattuor
768 2617 917 2677 invenIes.

581 2748 703 2811 XXXII.

203 2860 285 2919 Abra
299 2877 357 2938 per
371 2862 497 2922 tacitum
512 2861 639 2942 delapsa
653 2862 791 2923 sedentis
806 2864 839 2922 in
853 2864 937 2942 Ipsos

244 2941 351 3002 Fluxit
364 2942 526 3005 Aretullae
541 2945 656 3008 blande
670 2945 810 3007 columba
825 2948 918 3006 siuns.

201 3027 334 3087 Luserat
347 3028 408 3087 hoe
423 3047 526 3107 ersus,
547 3032 608 3090 nisi
622 3032 817 3094 iuobservata
831 3039 972 3090 maneret

244 3111 460 3190 Permissaque
476 3113 535 3173 sibi
549 3112 652 3174 nollet
666 3116 751 3175 abire
766 3115 847 3194 fuga.

179 3194 236 3257 bSi
253 3194 382 3256 meliora
394 3197 464 3275 piae
479 3197 525 3256 irs
541 3204 589 3257 est
602 3217 729 3282 sperare
743 3200 844 3259 sorori
917 3240 924 3256 .

243 3280 286 3340 nt
300 3276 456 3340 (lominum
471 3279 577 3339 mundi
588 3277 721 3342 ¹flectere
735 3289 806 3343 vota
819 3282 941 3359 valent,

200 3362 288 3423 Haeo
303 3384 320 3424 s
337 3363 464 3424 Sardois
478 3364 536 3424 tibi
549 3363 680 3425 forsitan
695 3364 794 3427 exulis
809 3367 887 3443 oris,

229 3443 349 3510 Fratre
362 3468 552 3532 reversuro,
572 3450 687 3513 nuncia
699 3452 787 3512 venit
800 3451 875 3512 auis.
