2370 3840
425 178 469 239 Μ.
484 174 576 240 VAL.
591 162 818 236 Mittimus

183 329 252 393 Una
264 327 416 390 lavamur:
438 329 548 409 aspicit
563 324 642 388 nihil
658 346 777 406 susum,

184 413 248 476 Sed
262 419 384 494 spectat
398 411 497 473 oculis
513 411 731 473 devorantibus
748 410 878 472 draucos

184 497 249 560 Nec
265 499 373 558 otiosis
387 495 540 557 mentulas
555 495 640 556 videt
653 495 760 558 labris.

185 582 316 660 Quaeris
332 582 400 661 qnia
418 582 469 641 hic
485 581 551 641 sit?
580 579 705 642 Excidit
722 580 796 640 mihi
811 597 933 641 nomen.

559 713 680 776 xcvll.

171 788 263 889 ‘llum
278 799 409 886 clamant
425 844 548 903 omnes,
569 823 709 905 loqueris
726 832 816 904 tunc,
838 824 992 907 Naevole,
1013 833 1117 923 tantun

225 911 267 972 Et
280 917 313 970 te
328 917 491 991 patronum
507 909 755 988 causidicumque
773 917 872 991 putas.

69 1005 79 1025 ·
185 997 251 1056 Hac
266 996 388 1055 ratione
403 1000 509 1075 potest
524 1012 614 1053 nemo
632 1011 692 1054 non
708 1012 778 1054 esse
793 994 938 1056 disertus.

225 1079 327 1158 Ecce,
347 1085 452 1139 tacent
467 1095 590 1138 omnes·
609 1075 763 1156 Naevole,
788 1078 837 1139 dic
852 1077 979 1160 aliquid.

552 1211 689 1274 xcvln.

185 1327 302 1406 Litigat
316 1332 350 1387 et
362 1325 499 1407 podagra
515 1324 684 1405 Diodorus,
706 1325 837 1405 Flacco,
856 1325 987 1393 laborat.

228 1410 291 1471 Sed
311 1409 356 1470 nil
370 1417 501 1491 patrono
518 1411 665 1491 porrigit:
688 1410 765 1471 haee
779 1412 928 1491 cheragra
942 1419 999 1475 est.

570 1559 678 1620 xcix.

183 1669 390 1752 Nonplenum
408 1670 541 1730 modo
514 1689 630 1732 viciens
644 1673 798 1753 habebas
866 1735 869 1740 ,
931 1696 932 1699 ’

186 1754 250 1815 Sed
264 1761 326 1815 tam
341 1753 489 1835 prodigus
504 1761 596 1836 atque
610 1754 753 1818 liberalis

183 1840 226 1900 Et
238 1845 301 1898 tam
313 1835 415 1900 lautus
430 1857 518 1917 eras,
542 1839 676 1942 Galeqe,
698 1848 733 1902 ut
748 1861 854 1903 omnes
895 1882 896 1885 =

186 1921 339 2004 Optarent
352 1924 410 1983 tibi
425 1925 565 1984 centiens
580 1926 676 1986 amici.

164 2006 284 2069 anuuit
298 2013 368 2068 vota
384 2007 463 2069 deus
474 2027 647 2089 precesque
662 2016 784 2070 nostras

184 2091 289 2171 Atque
304 2093 403 2170 intra,
425 2099 516 2173 puto,
538 2095 684 2175 septimas
699 2093 855 2155 Kalendas

184 2176 307 2237 Mortes
321 2177 381 2236 hoc
395 2178 453 2237 tibi
469 2184 615 2257 quattuor
631 2177 795 2240 dederunt.

186 2261 228 2321 At
242 2265 276 2321 tu
290 2262 334 2321 aio
351 2262 436 2338 quasi
450 2281 513 2321 non
526 2262 611 2322 foret
624 2260 785 2339 relictum,

183 2342 247 2403 Sed
264 2349 384 2423 raptum
399 2345 457 2403 tibi
472 2347 632 2422 centiens,
651 2345 743 2403 abisti

142 2438 177 2491 10
183 2426 216 2486 ln
232 2433 347 2485 tantam
361 2428 454 2486 miser
469 2429 696 2504 esuritionem,

184 2509 227 2570 Ut
243 2511 380 2569 convivia
396 2511 639 2588 sumptuosiora,

185 2593 267 2652 Toto
283 2611 361 2671 quae
377 2591 474 2653 semel
490 2611 618 2676 apparas
633 2593 666 2652 in
681 2611 777 2670 anno,

184 2677 298 2754 Nigrae
314 2675 456 2736 sordibus
472 2677 608 2756 explices
623 2683 781 2753 monetae,

182 2762 224 2823 Et
239 2767 360 2841 septem
374 2767 498 2822 veteres
512 2762 557 2821 tui
572 2758 695 2821 sodales

143 2853 176 2907 15
185 2845 369 2905 Conantemu
383 2845 441 2905 tibi
453 2843 596 2926 plumbea
612 2844 737 2905 selibra.

185 2927 267 3004 Quid
281 2927 406 3007 dignum
420 2930 540 2989 meritis
554 2948 719 3009 precemur
732 2929 824 2990 istis?

186 3012 333 3092 Optamus
347 3013 406 3073 tibi
419 3011 558 3087 miliens,
581 3013 706 3075 Calene.

185 3096 254 3157 Hoc
269 3099 296 3157 si
309 3097 492 3175 contigerit,
513 3097 594 3159 fame
608 3099 736 3179 peribis.

604 3232 639 3292 G.

56 3371 60 3376 ·
187 3342 335 3404 Mammas
350 3347 443 3421 atque
458 3347 536 3402 tatas
550 3342 645 3401 babet
659 3341 752 3419 Afra,
774 3340 831 3400 sed
842 3341 909 3421 ipsa
921 3345 1054 3402 tatarum

230 3427 299 3488 Dici
315 3433 348 3487 et
361 3446 556 3487 mammarum
571 3427 699 3486 maxima
714 3442 841 3486 mamma
855 3431 969 3507 potest.
