2370 3840
103 157 148 223 88
428 149 581 221 M.‘VAL.
597 157 822 220 MARTIALIS

230 311 332 387 Dona,
354 308 550 388 peregrinam
564 307 711 367 mittimus
726 306 954 368 endromidam:
969 344 1012 354 -

167 393 253 455 5Sen
265 391 386 452 lentum
401 410 522 452 ceroma
536 392 613 450 teris
630 389 805 470 tepidumve
823 392 959 470 trigona,

232 477 303 536 Sive
317 477 461 556 harpasta
477 494 567 533 manu
581 473 799 554 pulverulenta
813 475 914 554 rapis3

188 560 313 621 Plumea
329 578 384 619 seu
395 557 459 618 laxi
472 559 599 639 partiris
613 557 752 638 pondera
766 555 868 636 follis,

231 644 301 704 Sive
315 642 417 703 levem
432 661 523 702 eursu
537 643 662 701 vincere
679 643 801 720 quaeris
816 642 933 702 Athon:
949 675 995 688 --

187 729 233 788 Ne
248 727 387 787 madidos
400 729 500 787 intret
512 724 706 805 penetrabile
720 726 818 803 frigus
833 725 865 785 ln
880 729 981 804 artus,

144 821 180 875 10
229 812 312 871 Neve
329 813 429 891 gravis
444 811 545 870 subita
558 815 591 868 te
607 814 728 888 premat
742 810 799 868 Iris
815 828 906 888 aqua:

186 895 315 957 Ridebis
329 901 438 956 ventos
452 894 512 953 hoc
527 911 655 953 munere
670 899 771 953 taetus
786 897 819 952 et
831 894 964 952 imbress

229 979 294 1039 Nec
311 981 356 1039 sic
371 980 404 1038 in
420 977 518 1057 Tyria
532 976 662 1036 sindone
676 975 777 1037 cultus
792 977 864 1038 eris.

533 1175 536 1181 ,
592 1110 659 1172 XX.

187 1223 270 1282 Dicit
285 1242 318 1283 se
333 1221 483 1301 vetulam,
506 1242 575 1282 eum
591 1224 632 1282 sit
647 1220 802 1283 Caerellia
815 1241 911 1302 pupas

229 1307 345 1387 Pupam
361 1326 394 1367 se
411 1307 488 1367 dicit
503 1306 622 1385 Gellia,
643 1327 710 1366 cnm
725 1307 766 1366 sit
783 1324 866 1368 anus.

187 1391 288 1452 Ferre
302 1410 361 1452 nec
374 1393 454 1451 hanc
466 1393 583 1472 possis,
605 1392 723 1470 possis,
745 1387 886 1468 colline,
907 1408 966 1450 nee
980 1386 1085 1450 illamt

230 1474 339 1534 Altera
353 1473 485 1536 ridicula
499 1482 564 1553 est,
585 1473 684 1534 altera
698 1471 848 1554 putidula.

580 1607 658 1668 XXI.

187 1716 298 1780 Nullos
313 1736 383 1778 esse
398 1717 488 1797 deos,
510 1720 602 1778 inane
621 1718 737 1781 caelum

189 1803 334 1863 affirmat
348 1801 456 1880 Segius
470 1804 658 1884 probatque,
682 1802 763 1882 quod
778 1821 812 1863 se

187 1887 333 1966 Factum,
353 1884 425 1946 dum
438 1895 531 1966 negat
544 1887 637 1964 haec,
659 1885 744 1946 videt
758 1888 889 1947 beatum.

574 2020 666 2082 XXII.

188 2133 309 2193 Primos
322 2153 411 2215 passa
426 2139 512 2195 toros
526 2140 559 2195 et
574 2133 672 2195 adhuc
687 2132 838 2215 placanda
852 2133 967 2192 marito

229 2217 386 2278 Merserat
402 2220 435 2277 in
448 2218 564 2280 nitidos
579 2238 613 2280 se
629 2215 909 2299 Cleopatralacns‚

187 2300 264 2360 llum
279 2301 359 2379 fugit
377 2301 550 2382 amplexus:
573 2301 629 2362 sed
643 2302 783 2384 prodidit
797 2299 878 2360 unda
892 2298 1061 2377 latentem,

227 2383 382 2463 Lueebat,
402 2388 477 2446 totis
491 2405 558 2446 cum
574 2391 734 2465 tegeretur
749 2387 844 2465 aquis.

165 2466 321 2529 tcondita
337 2469 381 2528 sic
394 2487 472 2548 puro
488 2476 688 2529 numerantur
701 2468 770 2529 lilia
782 2471 880 2548 vitro,

231 2549 281 2610 Sic
296 2553 443 2632 prohibet
456 2554 557 2613 tenuia
573 2571 690 2631 gemma
703 2552 805 2614 latere
818 2573 915 2616 rosas.

185 2634 292 2694 Insilui
306 2654 486 2716 mersusque
501 2636 586 2697 vadia
600 2635 749 2697 luctantia
764 2638 865 2717 carpsi

229 2719 334 2779 Basia:
356 2723 539 2801 perspicuae
551 2719 623 2802 plus
640 2722 778 2782 vetuistis
793 2738 899 2801 aquae.

570 2869 675 2933 Xlllll.

186 2983 263 3042 Dum
279 2988 311 3043 tu
327 2979 413 3042 lenta
427 2983 517 3043 nimis
534 2983 648 3063 diuque
664 2985 803 3063 quaeris,

186 3066 260 3142 Quis
279 3066 396 3145 primus
411 3068 469 3127 tibi
485 3070 590 3146 quisve
605 3070 646 3129 sit
660 3067 828 3145 secundus,

186 3151 311 3210 Graium
328 3152 432 3229 quisve
448 3153 633 3231 epigramma
648 3153 845 3233 compararit:

184 3234 317 3294 Palmam
333 3234 554 3314 Callimachus,
578 3235 708 3316 Thalia,
729 3235 769 3296 de
788 3253 822 3297 se

163 3318 331 3380 5Facnndo
348 3318 435 3379 dedit
449 3321 517 3400 ipse
531 3321 688 3382 Brutiano.

185 3404 245 3480 Qui
259 3405 286 3464 si
300 3405 452 3486 Cecropio
467 3413 552 3465 sator
565 3402 676 3484 lepore
