2370 3840
318 203 656 266 EPIGRAMMATON
670 205 745 268 LIB.
762 205 814 267 lX.
1024 206 1086 272 221

490 408 653 470 LXXXVI.

132 522 290 593 Festinata
304 521 351 582 sui
366 525 506 600 gemeret
521 519 604 599 quod
617 520 681 580 iata
696 519 803 580 Severi

175 605 284 685 Silius,
306 607 442 666 Ausonio
456 624 519 665 non
533 603 631 664 semel
645 622 700 663 orc
714 610 844 685 potens,

133 690 209 750 (inm
223 709 318 770 grege
336 690 440 749 Pierio
455 695 588 750 maestus
605 689 795 768 Phoeboque
811 690 982 768 querebar,

174 774 265 854 „lpse
280 792 380 835 meum
395 773 488 835 flevi“
504 773 580 834 dixit
594 770 707 852 Apollo
721 773 841 850 „Linon
851 773 881 832 a“

112 857 346 939 bllespexitque
363 877 448 918 suam
463 876 541 938 quae
557 859 658 917 stabat
671 858 809 936 proxima
827 858 920 917 fratri

175 941 338 1022 Calliopen
351 949 384 1001 ct
399 944 457 1001 ait:
478 942 551 1019 „Tu
566 959 688 1021 quoque
703 939 814 1001 volnus
829 943 934 1002 habes.

133 1027 246 1105 Aspice
262 1025 430 1105 'l'arpeinm
445 1024 679 1103 Palatinumque
695 1024 885 1086 Tonantema

174 1111 257 1170 Ausa
272 1111 359 1171 nefas
373 1110 520 1171 Lachesis
534 1107 627 1170 laesit
643 1116 805 1190 utrumque
820 1109 954 1170 lovem.“

133 1193 262 1254 Numina
278 1215 345 1255 cum
360 1193 465 1256 videas
480 1193 566 1255 duris
583 1194 713 1254 obnoxia
727 1193 816 1273 fatis,

94 1286 127 1339 10
174 1279 288 1338 insidia
303 1281 403 1359 possis
418 1295 587 1340 exonerare
602 1276 687 1337 deos.

480 1411 656 1473 LXXXVll.

135 1527 261 1608 Septem
276 1537 346 1608 post
359 1528 471 1589 calices
486 1528 638 1608 Opimiani

134 1612 237 1673 Denso
255 1632 322 1672 oum
336 1615 452 1674 iaceam
466 1613 583 1673 triente
598 1610 737 1689 blaesus,

135 1697 239 1756 Affers
253 1699 358 1757 nescio
373 1718 447 1776 quas
462 1698 538 1757 mihi
552 1695 681 1757 tabellas

134 1781 176 1841 nt
192 1780 268 1840 dicis
283 1781 400 1860 „Modo
415 1780 547 1843 liberum
563 1799 632 1841 esse
648 1780 723 1840 iussi

112 1863 258 1927 §Nastam
272 1897 314 1908 -
328 1864 465 1926 servolus
479 1873 528 1926 est
541 1867 616 1925 mihi
629 1869 776 1946 paternus
790 1898 832 1909 -

137 1948 261 2027 Signa.“
289 1949 365 2009 Cras
380 1948 507 2028 melius,
529 1951 688 2030 Luperca,
710 1949 773 2008 liet.

134 2031 223 2091 Nunc
237 2033 337 2110 signat
350 2051 435 2094 meus
451 2033 558 2095 anulus
570 2032 719 2113 lagonam.

474 2168 663 2231 LXXXVlll.

137 2278 212 2338 (ium
227 2295 277 2338 me
292 2283 448 2358 captares,
470 2281 614 2341 mittebas
628 2298 755 2340 munera
769 2278 874 2337 nobis:

178 2364 345 2443 Postquam
360 2363 487 2442 cepisti,
511 2361 564 2424 (las
580 2365 671 2442 mihi,
693 2362 790 2442 Rufe,
812 2359 898 2422 nihil.

136 2447 179 2508 Ut
195 2452 316 2526 captum
331 2453 453 2526 leneas,
475 2453 564 2527 capto
581 2467 703 2527 quoque
717 2464 845 2507 munera
859 2445 961 2523 mitte,

178 2531 224 2591 De
240 2550 331 2592 cavea
346 2532 499 2610 fugiatne
517 2531 597 2592 male
611 2539 716 2612 pastus
732 2549 815 2612 aper.

493 2666 655 2728 LXXXIX.

136 2780 220 2859 Lege
233 2783 324 2842 nimis
339 2782 414 2843 dura
429 2785 583 2844 convivam
597 2784 736 2843 scribere
749 2798 856 2841 versus

180 2865 288 2944 Cogis,
306 2865 419 2926 Stella:
439 2867 515 2928 licet
529 2868 684 2946 scribere,
706 2882 817 2944 nempe
833 2860 939 2924 malon

538 3002 602 3063 XC.

138 3115 190 3177 Sic
204 3117 237 3175 in
251 3117 388 3195 gramine
402 3118 500 3177 floreo
515 3115 659 3196 reclinis,

139 3201 205 3276 Qua
217 3201 438 3279 gemmantibus
455 3203 527 3261 hinc
543 3207 576 3260 et
592 3201 666 3262 inde
681 3202 755 3262 rivis

138 3283 238 3344 Curva
253 3283 388 3345 calculus
404 3286 556 3346 excitatur
570 3284 667 3364 unda,

137 3365 279 3428 Exclusis
293 3365 404 3449 procul
419 3371 557 3430 omnibus
573 3368 731 3447 molestia,

113 3450 313 3512 bl’ertundaa
327 3449 457 3531 glaciem
472 3453 588 3515 triente
602 3455 708 3532 nigro,
