2370 3840
128 185 191 251 232
454 182 499 244 M.
513 182 606 244 VAL.
622 181 847 242 MARTIALIS

254 339 296 399 Et
309 339 503 417 praetextata
517 333 615 394 cultus
631 335 779 414 amicitia,

190 422 265 484 5Tu
278 422 372 495 facis3
393 422 425 479 iu
440 421 535 479 terris
552 437 612 498 quo
626 437 689 478 uon
704 425 753 478 est
766 417 848 480 alter
862 419 993 481 Hiberis

256 503 384 565 Dulcior
401 509 521 564 atvero
537 502 646 582 dignus
666 522 769 562 amore
783 505 888 582 magis.

214 589 333 650 Tecum
347 607 404 667 ego
418 586 468 648 vel
483 588 557 648 sicci
573 584 706 648 Gaetula
719 585 848 667 mapalia
862 587 961 648 Poeni

253 674 297 734 Et
309 679 450 752 poteram
465 671 626 750 Scythicas
640 671 738 731 hostis
753 690 855 732 amare
871 691 964 734 casas.

212 758 247 818 Si
259 759 318 817 tibi
333 775 419 816 mens
434 755 559 831 eadem,
575 757 602 814 si
616 757 715 814 nostri
729 762 833 816 mutua
848 775 921 816 cura
935 761 1002 837 est,
1133 785 1135 790 ·

171 851 205 904 10
253 841 287 901 In
303 857 485 919 quocunque
499 836 569 897 Ioco
584 838 680 897 Roma
695 837 812 900 duobus
827 840 897 900 erit.

614 971 694 1032 XXI.

214 1087 360 1148 Scribere
375 1091 408 1144 te
426 1102 504 1163 quae
518 1085 568 1143 rix
581 1083 735 1163 intelligat
748 1086 816 1164 ipse
830 1083 994 1147 Modestus

160 1243 164 1252 Ι
254 1172 295 1231 Et
310 1171 360 1231 vix
375 1167 542 1245 Claranus,
565 1166 639 1247 quid
652 1186 744 1246 rogo,
767 1168 877 1246 Sexte,
899 1169 1004 1229 iuvat‘l

212 1253 282 1316 Nou
295 1253 415 1315 lectore
432 1253 493 1312 tuis
508 1271 584 1333 opus
599 1256 663 1328 est,
684 1251 742 1311 sed
754 1251 919 1332 Apolline,
940 1252 1051 1314 libris:

254 1337 358 1399 Iudice
372 1344 405 1398 te
420 1338 517 1397 maior
532 1337 630 1398 Cinna
644 1335 776 1396 Marone
790 1335 858 1398 fuit.

190 1422 266 1486 asic
279 1429 332 1483 tua
344 1421 512 1482 laudentur
527 1430 616 1481 sane:
638 1438 706 1480 mea
720 1421 870 1498 carmiua,
894 1421 1005 1498 Sexte,

256 1507 469 1567 Grammaticis
483 1504 641 1585 placeant,
662 1510 697 1564 ut
711 1504 778 1562 sine
795 1504 1018 1567 Grammaticis.

618 1637 712 1696 xxii.

215 1752 279 1812 Cur
294 1749 447 1831 spleniato
463 1768 555 1828 saepe
569 1747 718 1828 prodeam
732 1755 837 1809 mento

213 1833 331 1896 Albave
346 1835 447 1914 pictus
461 1851 533 1892 sano
547 1831 634 1891 labra
648 1850 787 1910 cerussa,

213 1917 372 1996 Philaeni,
396 1916 541 1997 quaeris?
563 1908 731 1976 basiare⁸te
747 1915 831 1978 nolo.

214 2180 276 2240 Iam
290 2186 433 2240 numerat
445 2176 568 2258 placido
583 2178 660 2239 felix
674 2179 826 2238 Antonius
839 2197 913 2239 aevo

258 2263 467 2339 Quindeciens
483 2268 565 2323 actas
581 2262 703 2323 Primus
719 2260 916 2342 Olympiadas

213 2348 468 2426 Praeteritosque
485 2345 551 2405 dies
564 2353 597 2405 et
611 2351 694 2405 totos
709 2347 839 2425 respicit
854 2365 966 2425 annos,
1068 2369 1072 2373 ·

256 2431 320 2490 Nec
334 2432 444 2491 metuit
460 2429 577 2489 Lethes
589 2431 650 2488 iarn
665 2431 820 2510 propioris
835 2449 937 2508 aquas.

193 2511 308 2575 5Nulla
321 2513 500 2575 recordanti
512 2513 566 2573 lux
580 2521 629 2573 est
642 2514 763 2591 ingrata
779 2515 955 2592 gravisque:

256 2597 349 2658 Nulla
365 2599 441 2677 furit,
464 2598 549 2657 cuius
563 2615 626 2654 non
639 2599 816 2657 meminisse
828 2596 914 2657 velit.

215 2679 351 2760 Ampliat
365 2683 474 2742 aetatis
489 2681 619 2760 spatium
634 2681 694 2739 sibi
707 2681 754 2740 vir
767 2683 881 2741 honus:
897 2681 957 2740 hoc
972 2684 1024 2740 aar

257 2764 372 2826 Vivere
388 2767 451 2844 bis,
472 2767 534 2825 vita
548 2782 641 2844 posse
654 2765 762 2845 priore
776 2765 848 2826 fruI.

599 2898 711 2962 XXIV.

215 3004 341 3068 Natales
357 3006 433 3066 mihi
444 3008 577 3071 Martiae
591 3009 767 3087 Kalendae,

214 3090 281 3151 Lux
295 3090 461 3150 formosior
476 3096 615 3155 omnibus
628 3092 787 3168 Kalendis,

216 3177 282 3252 Qua
298 3175 424 3234 mittunt
437 3175 513 3235 mihi
526 3196 635 3237 munus
650 3184 683 3237 et
694 3177 836 3258 puellae,

216 3258 472 3337 Quinquagesima
485 3258 548 3320 liba
565 3263 786 3340 septImamque

214 3341 338 3405 Vestris
354 3341 493 3403 addimus
508 3344 587 3403 hanc
602 3343 681 3402 focis
696 3363 842 3406 acerram.

213 3425 357 3506 Ilissos,
379 3427 406 3487 si
420 3432 523 3488 tamen
539 3424 680 3508 expedit,
700 3434 822 3506 roganti
