2370 3840
118 210 180 276 148
420 258 425 266 .
441 211 486 272 M.
501 197 594 273 VAL.
610 209 835 271 MARTIAIIS

552 363 717 426 LXXXVI.

200 464 340 524 Setinum
356 463 558 540 domInaeqne
572 463 658 521 nives
675 460 825 540 densique
840 461 989 538 trientes,

243 547 371 625 Quando
386 566 443 625 ego
459 565 512 606 voa
528 545 648 605 medico
663 564 725 604 non
739 544 927 624 prohibente
942 547 1069 607 bibam?

199 631 319 693 Stultus
333 639 366 692 et
380 633 518 709 ingratus
530 649 589 689 nec
603 636 688 688 tanto
704 647 833 689 munere
847 628 973 708 dignus,

242 717 301 793 Qui
317 715 430 776 mavolt
447 715 541 774 heres
558 713 661 774 divitis
677 731 745 773 esse
760 711 876 774 Midae.

177 800 363 863 5Possideat
375 799 506 877 Libycas
522 815 639 857 messes
653 797 864 876 Hermumque
880 796 1078 876 Tagumque,

238 886 281 947 lit
294 891 384 966 potet
398 882 532 961 caldam,
554 883 606 961 qui
621 882 696 941 mihi
708 880 801 952 livet,
821 900 937 960 aquam.

546 993 725 1056 LXXXVII.

198 1094 238 1154 lli
252 1095 310 1155 tibi
327 1094 403 1155 dent
418 1099 451 1154 et
465 1101 515 1172 tn,
539 1096 670 1173 Caesar,
694 1112 893 1172 quaecunque
910 1095 1057 1153 mereris:

239 1178 279 1238 Di
293 1180 369 1239 mihi
385 1178 462 1239 dent
475 1185 508 1238 et
522 1187 573 1257 tn,
596 1196 674 1257 quae
688 1176 777 1256 volo,
798 1179 824 1237 si
839 1179 947 1236 merui.

543 1290 735 1353 LXXXVIII.

196 1389 291 1448 Mane
304 1384 433 1450 lalutavi
445 1408 520 1450 vero
535 1395 568 1450 te
582 1392 705 1450 nomIne
722 1408 809 1466 casu,

238 1472 304 1532 Nec
319 1471 381 1532 dixi
397 1472 568 1551 dominum,
589 1471 784 1549 Caeciliane,
806 1490 916 1531 meum.

199 1554 312 1630 Quanti
325 1554 457 1615 libertas
472 1562 594 1616 constet
608 1558 684 1615 mihi
698 1563 799 1632 tanta,
819 1554 976 1634 requiriri

229 1639 374 1704 ,Centum
389 1637 576 1716 quadrantes
592 1637 721 1699 abstulit
735 1637 790 1697 illa
804 1640 888 1698 mihi.

552 1740 715 1809 LXXXIX.

198 1848 276 1906 Cum
291 1851 417 1927 peteret
431 1865 532 1907 seram
545 1846 647 1906 media
660 1848 720 1906 iam
734 1855 826 1908 nocte
841 1847 995 1909 matellam

239 1931 358 2009 Arguto
374 1929 513 1990 madidus
528 1929 643 2011 pollice
658 1931 846 2011 Panaretus,

200 2013 361 2095 Spoletina
376 2014 446 2075 data
463 2020 529 2093 est,
550 2014 607 2077 sed
624 2035 712 2095 quam
728 2017 897 2078 siccaverat
910 2020 996 2098 ipse,

240 2097 306 2159 Nec
323 2099 428 2159 fuerat
444 2098 502 2159 soli
516 2105 582 2159 tota
596 2098 708 2179 lagona
723 2102 806 2162 satis.

154 2181 257 2251 ,sllle
272 2183 335 2243 fide
350 2203 465 2243 summa
478 2189 578 2244 testae
593 2203 647 2243 sua
660 2186 731 2244 viua
744 2203 905 2247 remensus
964 2222 968 2229 ·

239 2266 389 2327 Reddidit
404 2269 576 2348 oenophori
589 2267 729 2346 pondera
743 2268 836 2347 plena
851 2271 906 2329 snI.

196 2351 339 2429 Miraris,
362 2358 507 2430 quantum
522 2351 662 2429 biberat,
684 2354 805 2430 cepisse
818 2351 981 2430 lagonam?

238 2435 353 2494 Desine
367 2436 489 2512 mirari,
510 2434 606 2493 Rufe:
629 2452 747 2493 merum
761 2435 893 2496 biberat.

603 2563 667 2625 XC.

196 2657 361 2718 Moechum
376 2659 481 2722 Gellia
496 2680 558 2721 non
573 2662 668 2722 habet
682 2663 743 2722 nisi
757 2682 859 2726 unum.
982 2665 985 2669 ’

197 2740 303 2820 Turpe
319 2749 382 2802 est:
403 2745 463 2805 hoc
479 2746 591 2824 magis,
612 2765 689 2806 uxor
704 2753 753 2807 est
768 2746 906 2809 duorum.

595 2880 673 2943 xci.

197 2972 309 3033 Sancta
324 2970 410 3033 ducis
426 2979 533 3036 summi
548 2981 696 3058 prohibet
710 2998 841 3040 censura
855 2987 1001 3059 vetatque

236 3056 409 3119 Moechari
439 3058 563 3140 Gaude,
586 3062 696 3143 Zoilo,
718 3083 780 3124 non
794 3064 900 3125 futuis.

589 3194 680 3257 XCII

197 3290 341 3352 Caelatus
355 3290 413 3350 tibi
428 3310 496 3351 cnm
510 3293 567 3368 sit,
586 3293 744 3371 Anniano,

196 3373 334 3454 Serpens
348 3377 381 3435 iu
397 3381 520 3455 patera,
542 3376 691 3455 Myronos
705 3383 805 3455 artes,

196 3458 345 3521 Vaticana
360 3460 455 3520 bibis:
477 3461 558 3521 bibis
572 3477 732 3521 venenum.
