2370 3840
84 167 147 232 364
361 164 486 227 luunx
499 160 847 226 EPIGRAMMATON.

84 323 183 373 Nomen
199 319 279 370 habes
296 320 377 368 teneri
395 318 463 382 quod
477 325 592 383 tempora
606 321 735 381 nuncupat
751 315 812 364 anni
841 349 849 365 .
877 348 886 364 .
915 352 925 366 .
952 350 962 366 .

84 390 182 443 Nomen
198 388 274 437 habet
289 389 376 453 magui
393 388 505 437 volucris
519 396 571 436 tam
589 399 670 451 parva
685 383 814 450 gigantis?
841 417 848 433 .
877 418 885 434 .
916 419 924 435 .
954 419 961 433 .

86 461 245 510 Nomentana
261 470 345 505 meum
364 457 410 506 tibi
428 457 472 506 dat
488 456 618 506 vindemia
633 453 760 512 Bacchum
770 486 962 504 ......

85 527 194 578 Nomina
212 524 333 574 candelae
348 526 422 575 nobis
437 526 540 588 antana
555 522 679 575 dederunt
701 554 960 572 ........
1069 560 1078 589 ‚

85 595 194 646 Nomina
209 593 253 643 dat
270 594 383 658 spondae
401 595 477 658 plctIs
491 592 661 658 pulcherrima
676 590 762 655 pinnis
773 623 959 640 ......
1072 629 1080 653 ,

85 664 142 714 Nou
160 677 216 712 amo
236 661 306 724 quod
318 663 415 722 vincat,
430 663 477 713 sed
491 662 560 725 quod
575 660 739 710 succumbere
756 657 848 708 novit.
877 693 883 706 .
914 692 923 708 .
951 693 958 706 .
1056 698 1064 724 ,

85 731 141 783 Non
157 744 214 781 amo
231 738 270 788 te,
290 730 391 791 Sabidi,
410 745 457 781 nec
474 745 580 797 possum
592 729 676 780 dicero
692 741 770 792 quaro
807 761 814 775 .
913 762 921 776 .
951 762 957 774 .

85 801 142 852 Nou
159 808 230 849 cenat
245 800 301 848 sine
319 815 380 865 apro
398 807 498 861 noster,
516 799 587 860 Tite,
607 796 763 848 Caecilianus
774 829 957 844 ......

85 869 143 920 Non
158 869 190 919 de
206 868 280 935 plebe
300 868 405 930 domus,
421 883 468 917 nec
486 881 577 918 avarae
590 881 669 918 verna
684 872 793 916 catastae
805 896 956 914 .....

86 937 143 989 Nou
161 938 193 988 de
206 938 232 987 vi
246 951 328 998 neque
346 937 423 987 caede
436 951 484 985 uec
498 951 595 987 veneno
633 968 956 985 ..........

87 1006 144 1057 Non
162 1007 261 1065 dicam,
277 1004 337 1054 licet
351 1019 433 1068 usque
449 1020 490 1054 me
509 1007 604 1071 rogetis
632 1035 956 1054 ..........

86 1075 143 1126 Nou
162 1075 230 1135 dixi,
248 1071 380 1134 coracino,
396 1082 422 1124 te
437 1073 570 1124 cinaedum
596 1105 956 1121 ...........

31 1174 45 1197 .
87 1144 144 1195 Non
162 1144 254 1194 donem
268 1143 316 1192 tibi
333 1158 378 1193 cur
392 1155 463 1192 meos
481 1141 578 1192 libellos
601 1172 955 1190 ...........
1068 1179 1077 1205 ‚
1128 1180 1134 1194 ,

87 1211 145 1263 Nou
162 1213 209 1261 erit
222 1213 249 1260 ln
265 1212 338 1261 turba
356 1213 489 1274 qnisquam
504 1200 687 1274 Μισούμενος
704 1209 780 1258 ists.
808 1243 814 1257 .
842 1242 849 1256 .
877 1241 884 1255 .
912 1242 918 1256 .
948 1241 955 1254 ·
980 1210 1062 1272 XIV,
1079 1211 1135 1263 211.

88 1280 145 1332 Non
161 1287 199 1330 est
216 1282 243 1329 in
258 1279 353 1345 populo
369 1296 416 1330 neo
432 1281 496 1332 urbe
507 1287 561 1330 tota
602 1309 954 1329 ...........
1030 1281 1083 1344 IV,
1095 1279 1135 1332 84„

87 1349 144 1400 Nou
157 1356 195 1400 est
211 1349 261 1399 ista
276 1364 380 1410 recens,
399 1349 445 1399 sed
459 1349 540 1399 nostri
553 1348 635 1415 gloria
648 1347 711 1399 caeli
739 1378 954 1396 .......
998 1347 1079 1411 XIV,
1094 1348 1136 1400 03,

87 1418 144 1469 Nou
160 1424 199 1469 est
215 1418 273 1468 lana
290 1417 352 1466 mihi
366 1419 489 1478 mendax,
506 1433 553 1467 nec
564 1424 648 1467 mutor
664 1416 744 1466 aheno
774 1451 781 1464 .
808 1447 816 1464 .
844 1448 850 1462 .
878 1447 885 1462 .
913 1448 919 1462 .
947 1448 954 1461 .
979 1416 1060 1480 XIV,
1078 1416 1136 1470 133.

88 1488 143 1537 Non
160 1493 198 1536 est
214 1487 348 1546 mentitus,
367 1488 411 1549 qui
428 1493 453 1535 te
466 1486 528 1535 mihi
547 1487 611 1536 dixit
624 1486 718 1536 habere
740 1516 954 1535 ·······
1003 1485 1057 1547 XI,
1078 1488 1136 1539 102.

89 1557 145 1606 Non
162 1560 214 1616 est,
230 1569 334 1604 munera
350 1556 417 1616 quod
434 1563 508 1618 putes
524 1555 617 1620 pusilla
637 1584 953 1604 ..........
998 1552 1078 1622 XIV,
1095 1556 1136 1608 10.

88 1623 146 1674 Non
159 1628 211 1681 eet,
229 1621 325 1683 Tucca,
344 1624 421 1683 satis,
437 1623 505 1684 quod
522 1638 549 1672 es
565 1623 670 1689 gulosus
705 1652 953 1672 ········
1007 1624 1074 1688 XII,
1092 1625 1135 1676 41.

89 1693 145 1742 Nou
159 1689 219 1738 lacit
236 1690 269 1739 ad
286 1704 375 1740 saevos
393 1692 493 1750 cervix,
513 1692 564 1740 nisi
579 1692 674 1756 prima,
694 1690 781 1741 leones
809 1721 952 1738 ·····
1052 1695 1076 1756 I,
1093 1693 1135 1745 ol.

89 1761 146 1810 Non
160 1757 252 1808 habilis
268 1757 365 1823 cyathis
383 1764 407 1807 et
419 1758 516 1808 inutilis
533 1774 582 1808 uva
597 1759 681 1823 Lyaeo
704 1789 951 1809 ........
1000 1759 1075 1823 XIII,
1092 1764 1134 1813 22

90 1829 147 1879 Nou
162 1825 230 1877 horti
246 1842 327 1890 neque
341 1826 453 1892 palmitis
469 1827 537 1878 beati
569 1859 951 1877 ............
999 1830 1075 1894 Vm,
1091 1831 1135 1882 40,

89 1899 144 1948 Non
157 1896 206 1946 hos
224 1897 282 1946 lana
299 1897 382 1958 dedit,
398 1896 444 1945 sed
459 1897 638 1948 olentisbarba
655 1897 740 1947 mariti
778 1933 785 1946 .
812 1930 818 1945 .
846 1929 853 1944 .
878 1928 885 1942 ·
911 1929 918 1943 .
946 1928 952 1941 ·
975 1897 1051 1961 XIV,
1073 1900 1133 1951 110.

90 1967 144 2017 Non
164 1981 221 2015 mea
236 1964 360 2031 Massylus
379 1972 461 2017 servat
476 1968 591 2031 pomaria
610 1981 715 2031 serpens
742 1997 953 2014 .......
1034 1966 1074 2030 X,
1089 1967 1133 2020 94.

90 2036 146 2085 Non
162 2035 272 2086 mendax
289 2043 377 2100 stupor
394 2041 446 2096 est,
461 2049 508 2085 nec
521 2035 625 2102 lingitur
637 2042 691 2086 arte
708 2033 814 2085 dolose.
843 2067 850 2083 .
878 2064 885 2080 ·
912 2068 917 2081 .
945 2065 952 2079 ·
976 2035 1051 2098 XIV,
1069 2038 1133 2090 210.

88 2103 145 2154 Non
163 2104 253 2164 miror,
269 2104 336 2167 qnod
350 2110 422 2169 potat
437 2119 528 2167 aquam
545 2113 590 2155 tua
606 2103 698 2164 Bassa,
718 2103 813 2154 Catulle
844 2137 851 2151 .
878 2134 885 2149 ·
912 2137 918 2150 .
946 2136 952 2149 .
1018 2105 1067 2166 VI,
1087 2105 1132 2158 09.

88 2172 145 2222 Nou
162 2172 244 2221 omnis
261 2171 350 2222 laudes
365 2172 522 2238 pretiumque
540 2180 628 2224 aurata
642 2181 752 2224 meretur
774 2208 781 2221 .
809 2207 816 2221 .
844 2205 850 2221 .
878 2204 885 2218 ·
912 2206 918 2219 .
946 2205 952 2218 ·
988 2173 1062 2235 XllI,
1084 2174 1133 2227 90.

89 2239 144 2290 Non
162 2241 243 2289 omnis
258 2242 339 2290 nostri
353 2248 476 2291 nocturna
492 2248 531 2291 est
542 2243 638 2308 pagina
652 2241 710 2291 libri
741 2272 953 2291 .......
1017 2241 1067 2303 Xl,
1088 2245 1132 2295 17.

89 2307 145 2357 Non
162 2322 208 2372 per
225 2310 332 2374 mystica
344 2324 416 2359 sacra
428 2310 600 2376 Dindymenes
636 2341 952 2360 ..........
992 2311 1063 2373 VIII,
1085 2311 1132 2364 81.

89 2377 144 2426 Non
160 2376 263 2440 plenum
279 2378 354 2428 modo
371 2379 467 2428 viciens
482 2377 596 2429 habebas
636 2410 952 2428 ..........
1042 2381 1063 2440 1,
1085 2379 1132 2432 99.

90 2446 146 2495 Non
166 2454 254 2511 potare
269 2448 366 2507 nivern,
385 2447 431 2496 sed
446 2461 539 2509 aqusm
555 2454 644 2512 potare
659 2455 785 2498 recentem
808 2480 816 2496 .
844 2481 851 2494 .
879 2478 885 2493 ·
911 2481 920 2495 .
945 2481 952 2495 .
976 2448 1048 2509 XIV,
1064 2449 1131 2500 117.

88 2514 145 2562 Non
160 2530 334 2578 quemcunque
347 2515 445 2577 focum,
465 2531 512 2566 neo
526 2516 624 2566 fumum
641 2530 731 2566 caseus
748 2529 847 2567 omnem
878 2547 885 2562 .
912 2550 919 2564 .
945 2550 952 2564 .
992 2516 1063 2578 XIII,
1085 2517 1132 2571 32.

88 2582 145 2631 Non
159 2585 230 2632 radin
246 2584 349 2633 indocta
365 2583 425 2633 iecit
440 2600 480 2634 me
495 2583 560 2634 falce
573 2585 676 2634 colonus
706 2616 953 2636 ........
1016 2587 1062 2646 Vl,
1083 2587 1132 2639 73.

90 2650 147 2699 Nou
162 2652 224 2700 sutis
239 2659 277 2701 est
293 2667 335 2702 ars
353 2652 407 2701 sola
420 2668 492 2703 coco:
510 2653 605 2702 servire
622 2651 735 2717 palatum
776 2689 782 2703 .
810 2688 816 2702 .
844 2688 850 2701 .
878 2685 885 2699 ·
913 2687 919 2703 .
947 2687 953 2700 .
976 2654 1047 2712 XIV,
1064 2656 1131 2707 220.

87 2717 145 2767 Non
163 2719 226 2780 sibi,
242 2721 289 2769 sed
307 2721 408 2770 domino
426 2729 532 2772 venatur
545 2729 677 2788 vertragus
695 2737 753 2773 acer
776 2757 782 2769 .
810 2757 816 2770 .
845 2756 851 2770 .
878 2753 885 2769 ·
913 2758 919 2772 .
947 2755 953 2768 .
977 2723 1047 2782 XIV,
1064 2723 1130 2776 200.

88 2786 145 2836 Nou
160 2786 233 2836 silice
247 2789 309 2839 duro
325 2788 464 2839 structilive
480 2797 609 2841 caemento
641 2824 954 2841 ..........
1019 2790 1066 2853 lx,
1083 2794 1131 2847 75.

88 2855 146 2904 Non
161 2858 209 2906 sim
227 2856 333 2906 talorum
349 2873 454 2909 numero
471 2874 518 2924 par
531 2866 640 2920 tessera,
658 2861 717 2910 dum
732 2859 767 2909 slt
810 2896 816 2908 .
844 2893 851 2907 .
879 2892 885 2906 .
913 2895 920 2909 .
948 2894 954 2907 .
992 2859 1063 2919 XIV,
1084 2861 1130 2913 15.

89 2923 145 2974 Non
161 2941 217 2975 snm
235 2926 319 2990 crispa
336 2927 451 2990 quidem,
471 2944 518 2978 nec
532 2929 612 2981 silvae
630 2927 682 2978 fllia
696 2928 818 2979 Maurae.
846 2963 851 2976 .
879 2960 886 2975 .
914 2964 921 2978 .
948 2963 954 2975 .
989 2929 1060 2988 XIV,
1077 2929 1126 2985 90.

88 2991 145 3041 Nou
161 3009 218 3045 sum
235 2995 266 3044 de
284 2994 370 3060 fragili
385 2994 485 3047 dolatus
502 2997 572 3048 ulmo
602 3029 954 3048 ...........
1017 2998 1063 3058 VI,
1078 2998 1127 3050 49.

90 3061 146 3110 Non
161 3078 217 3113 sum
233 3064 265 3114 do
279 3065 375 3128 primo,
394 3063 489 3126 fateor,
503 3065 616 3117 trifolius
631 3067 714 3133 Lyaeo
745 3099 955 3115 .......
978 3066 1046 3125 XIII,
1061 3067 1128 3120 114.

89 3129 146 3179 Non
165 3139 262 3182 tantum
278 3131 396 3192 calamis,
411 3134 458 3182 sed
473 3142 548 3185 cantu
562 3135 658 3185 fallitur
674 3135 727 3186 ales
742 3168 955 3184 .......
978 3135 1046 3196 XIV,
1062 3137 1127 3194 218.

90 3197 147 3246 Nou
162 3208 259 3250 tanturn
272 3201 342 3267 pullo
362 3200 477 3266 lugentes
495 3202 588 3252 vellere
605 3203 677 3253 lanas
706 3235 955 3254 ........
978 3202 1046 3264 XIV,
1064 3205 1120 3257 157

89 3265 146 3316 Nou
161 3269 207 3317 tibi
221 3270 252 3320 de
267 3270 371 3338 Libycis
385 3271 485 3321 tuberes
501 3277 526 3320 et
541 3273 646 3339 apyrina
659 3273 737 3322 ramis
776 3309 783 3321 .
811 3310 814 3316 .
845 3307 852 3320 .
880 3307 886 3319 .
916 3308 922 3321 .
948 3305 955 3319 ·
996 3272 1065 3334 XIII,
1079 3243 1128 3328 42]

88 3332 143 3385 Non
159 3343 197 3388 tot
214 3339 240 3386 in
255 3338 316 3388 Eois
331 3341 416 3390 timuit
432 3336 584 3404 Gangeticus
602 3340 669 3390 arvis
707 3374 956 3391 ........
997 3341 1064 3401 VIII,
1078 3343 1126 3395 20.

92 3401 148 3453 Non
161 3412 240 3456 totam
259 3407 336 3469 mihi,
355 3408 377 3459 si
392 3407 504 3472 vacabit,
522 3407 609 3458 horam
642 3442 957 3459 ..........
1028 3409 1062 3472 V,
1080 3409 1126 3464 80.
