2370 3840
155 201 215 267 176
474 203 519 264 Μ.
535 202 627 265 VAL.
643 201 869 265 MARTIALIS

658 406 694 468 Π.

234 522 397 581 Fastorum
412 522 533 598 genitur
548 539 723 601 parensque
740 521 828 580 lanus

234 605 395 667 Victorem
408 604 499 664 modo
518 625 585 665 curn
600 603 723 665 videret
737 605 856 684 Histri,

236 688 300 749 'fot
311 687 413 748 voltur
428 690 563 749 sibinen
578 691 652 748 satir
668 691 786 768 putavit
913 748 922 761 ,

236 773 424 853 Optavitque
439 771 545 832 oculos
558 773 675 832 habere
692 772 812 852 plures:

212 855 393 935 autlingua
406 858 525 937 pariter
538 855 660 915 locutus
675 857 757 915 omni

235 941 406 1001 Terrarum
421 939 544 1000 domino
561 939 683 1019 deoque
698 958 802 999 rerum

232 1025 381 1084 Promisit
394 1021 514 1103 Pyliam
531 1030 640 1102 quater
655 1030 819 1083 renectum.

233 1106 355 1185 Addua,
376 1105 448 1167 lane
462 1113 569 1188 pater,
590 1112 674 1168 tuam
688 1125 838 1186 regamur.

646 1242 696 1302 ΠΙ.

232 1354 398 1434 „Quinque
413 1354 487 1415 uatis
502 1354 642 1415 fuerant:
661 1372 732 1413 nam
747 1371 801 1413 rex
816 1357 973 1431 septemve
990 1349 1094 1413 libelli

273 1439 331 1499 Est
345 1439 485 1498 nimium:
509 1438 583 1518 qnid
598 1437 697 1499 adhuc
711 1436 838 1514 ludere,
860 1435 964 1515 Μιιιι,
986 1437 1093 1498 iuvat?

233 1520 281 1581 Sit
294 1520 395 1601 pudor
410 1528 443 1582 et
456 1523 543 1582 linia:
566 1524 625 1582 iam
640 1523 708 1604 plus
723 1520 802 1580 nihil
815 1518 932 1579 addere
951 1522 1041 1582 nobis

274 1606 369 1665 Fama
382 1610 505 1686 potest:
526 1607 642 1666 teritur
656 1612 764 1666 norter
778 1605 893 1682 ubique
908 1602 1008 1680 liher;

210 1689 275 1749 ulit
290 1708 358 1750 cum
371 1695 462 1768 rupta
477 1691 538 1749 situ
553 1686 708 1749 Mesralae
725 1708 796 1748 saxa
809 1689 955 1748 iacebunt

275 1769 410 1850 Altaque
425 1791 494 1832 cum
506 1773 607 1832 Licini
621 1792 774 1832 marmora
788 1770 888 1851 pulvis
902 1777 1010 1850 erunt,

232 1856 287 1917 Me
301 1861 404 1916 tamen
419 1875 473 1916 cra
486 1855 594 1936 legent
607 1862 641 1916 et
654 1874 757 1916 secum
774 1854 925 1936 plurimus
940 1857 1054 1938 harpen

274 1937 323 2000 Ad
337 1942 453 2020 patriar
467 1939 559 2001 seder
572 1942 708 2000 carmina
719 1946 825 2000 nostra
839 1938 954 2000 feret.“

231 2023 407 2102 muleram,
427 2044 495 2084 cum
512 2026 557 2086 sic
570 2023 734 2106 respondit
746 2044 827 2084 nona
841 2042 998 2101 sororum,

191 2118 225 2171 10
273 2109 331 2169 cui
348 2128 433 2168 cuma
448 2115 480 2169 et
494 2116 650 2188 unguento
667 2107 792 2169 sordida
806 2108 901 2167 restis
916 2112 1000 2166 erat:

233 2190 347 2273 „Tune
359 2199 450 2272 putes
465 2191 590 2270 dulces,
611 2195 751 2272 ingrate,
771 2189 951 2268 relinquere
966 2192 1086 2270 nugari

274 2277 438 2354 memini,
461 2277 536 2355 quid
548 2276 657 2338 melina
673 2274 845 2344 desidlosus
862 2275 956 2353 ager?

234 2360 280 2419 An
295 2362 378 2420 iuvat
393 2359 431 2419 ad
445 2362 579 2438 tragicos
595 2379 718 2420 roccum
731 2358 905 2419 transferre
920 2359 1108 2439 cothurnos,
1176 2417 1179 2423 .

274 2444 395 2525 Aspera
405 2442 457 2504 rel
471 2446 596 2525 paribus
611 2441 695 2504 bella
709 2449 818 2502 tonare
833 2440 950 2521 madir,

190 2525 396 2606 ltl’raelegat
413 2534 448 2589 ut
460 2525 596 2588 tumidus
611 2546 703 2586 runca
717 2533 749 2587 te
764 2544 840 2586 voce
854 2528 1001 2605 magister

275 2609 387 2670 Oderit
402 2616 435 2670 et
449 2609 573 2690 grandir
587 2611 673 2688 virgo
687 2612 846 2689 bonusque
860 2611 963 2690 puer?

234 2694 379 2755 Scribant
392 2695 452 2754 ista
465 2711 572 2773 graves
589 2694 712 2752 nimium
726 2695 915 2774 nimiumque
931 2694 1048 2773 reveri,

275 2778 358 2855 Quor
374 2777 475 2838 media
489 2779 619 2838 miseros
634 2784 726 2839 nocte
740 2776 870 2838 lucerna
886 2777 981 2840 videt.

231 2862 274 2923 At
289 2868 323 2922 tn
337 2862 490 2922 Romanos
503 2859 612 2942 lepido
629 2860 693 2922 sale
708 2864 793 2940 tinge
807 2860 935 2922 libello·
944 2883 958 2935 ι,

188 2955 226 3008 20
273 2947 430 3024 Agnorunt
443 2964 545 3006 mores
559 2948 622 3007 vita
635 2944 780 3026 legatque
797 2966 877 3008 suos.

232 3031 371 3108 Angusta
386 3035 510 3089 cantare
524 3029 603 3091 licet
615 3029 749 3091 videaris
762 3049 872 3108 arena,

275 3113 354 3173 Dum
370 3118 421 3173 tua
436 3111 603 3175 multorum
617 3115 720 3175 vincat
733 3133 828 3175 avena
841 3112 963 3175 tubar.“

641 3249 693 3313 IV.

235 3358 389 3439 Quantus,
410 3361 459 3438 ic,
479 3353 584 3421 Latiae
598 3358 704 3420 munli
720 3367 887 3422 conventus
902 3359 942 3421 acl
954 3379 1023 3421 aras

275 3440 411 3524 Suscipit
426 3450 458 3504 et
473 3444 565 3504 solvit
579 3463 636 3523 pro
651 3443 729 3504 duce
744 3452 815 3506 vota
828 3445 898 3506 ruo!
