2370 3840
296 217 637 281 EPIGRAMMATON
650 218 724 279 LIB.
740 217 803 280 Xll.

113 376 155 436 llt
170 392 238 433 cum
253 371 381 432 lucerna
394 388 571 449 corneoque
587 375 708 430 cratere

113 456 245 519 Matella
260 461 348 515 curto
362 462 454 534 rupta
466 452 567 514 latere
583 455 726 513 meiebat.

115 542 199 602 Foco
214 541 327 600 virenti
341 540 468 598 ruberat
481 538 646 617 amphorae
662 536 780 597 cervix:

72 628 221 689 15Fuiase
235 642 343 702 gerres
359 628 411 682 aut
424 621 552 683 inutiles
567 640 689 682 maenaa

115 708 201 771 Odor
215 706 387 788 impudicus
401 709 489 766 urcei
503 707 676 778 fatebatur,

115 792 242 870 Qualem
257 792 393 851 marinae
408 792 493 850 misit
508 810 581 850 eura
595 791 741 870 piscinae.

113 879 179 937 Nee
195 875 310 956 quadra
325 873 434 935 deerat
448 875 530 935 canei
545 873 718 952 Tolosatis,

116 960 281 1038 Quadrima
295 960 377 1037 nigri
391 977 450 1018 nec
465 978 580 1018 corona
592 957 678 1038 pulei

72 1044 287 1122 iocalvaeque
301 1048 402 1103 restes
417 1041 555 1122 allioque
570 1043 736 1122 cepisque,

114 1130 179 1189 Nec
193 1127 286 1208 plena
299 1128 384 1206 turpi
399 1129 507 1187 matria
522 1125 584 1187 olla
598 1127 718 1202 retina,

116 1212 369 1273 Summoeuiauue
385 1230 445 1290 qua
457 1210 595 1291 pilantur
611 1227 732 1269 uxores.

115 1297 198 1373 Quid
210 1297 333 1374 quaeris
348 1294 442 1354 aeden
456 1295 625 1373 vilieoaqne
641 1291 783 1368 derideo,

115 1381 264 1439 Habitare
279 1379 391 1455 gratia,
414 1398 431 1437 ο
446 1378 599 1454 Vacerra,
622 1394 690 1435 curn
704 1374 827 1455 pomini

74 1464 200 1526 25Haec
214 1462 401 1520 sarcinarum
415 1467 527 1540 po'mpa
541 1460 685 1520 convenit
697 1459 795 1539 ponti.

485 1621 619 1683 XXXIII.

116 1738 160 1799 Ut
173 1753 288 1816 pueroa
303 1741 423 1796 emeret
436 1734 607 1813 Labienus,
629 1732 769 1795 vendidit
781 1733 899 1794 horton.

158 1820 211 1880 Nil
225 1820 286 1879 nisi
299 1821 425 1880 ficetum
439 1837 520 1878 nunc
533 1818 687 1879 Labienua
701 1819 805 1883 habet.

483 1981 621 2042 XXXIV.

118 2093 261 2170 'l'rIgIntu
274 2093 349 2152 mihi
367 2097 573 2170 quattuorque
588 2111 704 2153 messes

119 2175 252 2252 Tecum,
275 2176 301 2236 ei
315 2177 453 2254 memini,
475 2175 583 2254 fuere,
604 2175 672 2239 Iuli.
791 2242 793 2246 ,

119 2261 253 2336 Quarum
267 2257 369 2318 dulcio
382 2260 475 2319 mixta
489 2265 560 2319 aunt
575 2260 702 2337 amaria,

119 2341 182 2403 Sed
194 2342 327 2403 iucunda
340 2348 444 2402 tamen
457 2344 548 2403 fuere
561 2343 659 2423 plura.

95 2428 161 2491 ont
175 2427 201 2486 ai
216 2426 350 2487 calculus
365 2428 463 2487 omnio
479 2429 540 2486 huc
554 2434 587 2487 et
600 2426 677 2486 illuc

117 2512 264 2586 Diuersus
279 2509 460 2591 bicolorque
476 2509 651 2590 dIgeratur,

118 2595 233 2656 Vincet
247 2593 376 2654 candido
390 2598 480 2656 turbo
494 2597 672 2675 nigriorem.

118 2678 151 2738 si
167 2681 266 2738 vitare
280 2677 366 2738 voles
381 2681 492 2739 acerba
510 2679 658 2759 quaedam

116 2763 158 2821 nt
170 2763 278 2820 trister
294 2763 386 2821 animi
402 2781 510 2823 cavere
524 2781 661 2839 morsus,

76 2842 203 2908 loNulli
217 2851 250 2904 te
264 2845 359 2903 facias
371 2846 462 2904 nimie
477 2845 622 2908 sodalem.

119 2926 276 2990 Gaudebis
291 2927 405 3004 miuus,
428 2938 460 2989 et
478 2931 577 2989 minuo
593 2926 721 2989 dolebic

492 3077 616 3141 XXXV.

119 3188 277 3267 Tanquam
292 3187 476 3268 simpliciter
489 3207 624 3268 mecum,
648 3185 842 3266 Callistrate,
863 3189 961 3267 vivan,

159 3273 273 3333 Dicere
286 3274 441 3353 percisum
454 3278 486 3334 te
500 3274 576 3333 mibi
591 3290 684 3353 caepe
698 3269 791 3335 uoles.

116 3355 186 3418 Non
203 3375 237 3416 ea
251 3363 313 3417 tarn
325 3355 472 3436 simplex,
495 3376 584 3435 quam
597 3359 661 3434 via,
683 3354 880 3434 Galliatrate,
901 3351 998 3417 credl.

160 3438 236 3500 Nam
251 3441 389 3522 qulnquio
405 3447 511 3501 narrat
525 3439 617 3521 talia,
638 3439 727 3521 plura
740 3445 868 3584 melo*

1009 213 1071 278 291
