2370 3840
111 184 174 249 212
388 213 389 217 ¹
435 185 480 247 M.
494 184 586 247 VAL.
601 183 828 246 MARl‘lALlS

606 338 667 398 Lll.

195 456 229 516 Si
248 455 350 515 credis
364 457 454 534 milri,
478 457 608 534 Quinte,
631 454 713 532 quod
728 456 876 533 mereris,

194 538 336 618 Natales,
356 539 464 618 Ovidi,
486 547 553 600 tuas
567 540 693 620 Apriles

195 625 238 684 Ut
251 631 371 684 nostras
386 644 451 682 amo
467 624 596 684 Martias
610 622 772 683 Kalendas.

193 706 285 768 Felix
297 714 428 786 utraque
442 706 496 767 lux
513 708 641 786 diesque
655 711 744 768 nobis

173 790 345 870 tSignandi
359 789 539 852 melioribus
554 789 685 870 lapillis!

195 877 256 934 Hic
270 877 362 935 vitam
378 876 504 953 tribuit,
526 873 648 935 sedhic
663 876 800 936 amicum.

195 959 269 1018 Plus
284 958 374 1037 dant,
399 959 530 1038 Quinte,
553 959 628 1017 mihi
642 965 713 1018 tuae
728 958 893 1021 Kalendae.

596 1091 672 1154 Llll.

194 1204 298 1267 Natali
311 1206 385 1282 tibi,
409 1205 540 1282 Quinte,
559 1210 611 1264 tuo
629 1203 703 1264 dare
717 1224 810 1284 parva
824 1203 965 1264 volebam

236 1290 385 1364 Munera;
407 1295 440 1348 tn
454 1289 617 1368 prohibes:
638 1289 823 1368 imperiosus
836 1289 927 1348 homo
943 1306 986 1350 es.

194 1373 369 1434 Parendum
384 1379 432 1432 est
445 1373 585 1449 monitis,
606 1373 659 1432 liat
676 1370 758 1452 quod
773 1380 904 1450 uterque
919 1370 1056 1432 volemus

237 1458 279 1517 Et
293 1456 376 1537 quod
390 1462 554 1535 utrumque
569 1459 665 1516 iuvat:
685 1469 720 1515 tu
735 1457 826 1534 mihi,
847 1457 975 1535 Quinte,
998 1455 1082 1522 dato.

587 1591 665 1652 LIV.

196 1685 231 1745 Si
245 1687 320 1745 mihi
334 1687 450 1746 Picena
465 1686 573 1747 turdus
588 1686 724 1767 palleret
740 1686 836 1764 oliva,

238 1768 401 1830 Tenderet
416 1776 468 1829 aut
481 1778 602 1830 nostras
617 1771 691 1830 silva
707 1771 818 1832 Sabina
833 1769 955 1850 plagas3

196 1853 260 1912 Aut
275 1860 437 1914 crescente
452 1852 530 1914 levis
546 1856 723 1915 traheretur
737 1854 886 1914 arundine
901 1854 1018 1935 praeda

237 1937 363 2016 Pinguis
379 1945 412 1997 et
425 1936 589 2017 implicitas
604 1941 688 2017 uirga
702 1945 826 1999 teneret
839 1957 925 1999 aves:

174 2021 293 2099 tcare,
317 2022 406 2081 daret
419 2022 570 2082 sollemne
583 2025 641 2083 tibi
656 2025 796 2100 cognatio
812 2042 936 2101 munus,

236 2106 300 2165 Nec
314 2107 414 2167 frater
428 2109 533 2186 nobis,
554 2127 612 2168 nec
626 2108 713 2188 prior
728 2113 812 2168 esset
826 2126 906 2166 avus.

194 2188 282 2249 Nunc
296 2198 420 2250 sturnos
435 2191 825 2271 inopes'fringillorumqne
841 2188 998 2268 querellas

237 2273 332 2334 Audit
346 2281 379 2334 et
394 2283 500 2352 arguto
517 2294 643 2356 passere
657 2281 766 2334 vernat
780 2293 861 2352 ager.

194 2356 269 2416 lnde
284 2357 432 2418 salutatus
445 2360 533 2438 picae
548 2357 718 2439 respondet
734 2364 853 2434 arator,

153 2450 188 2504 10
235 2441 317 2501 Hinc
330 2461 429 2522 prope
444 2463 560 2502 summa
577 2463 670 2522 rapax
684 2441 793 2501 milvus
808 2441 846 2500 ad
862 2449 944 2502 astra
957 2439 1051 2504 volat.
1126 2488 1130 2495 .

194 2524 348 2586 Mittimus
364 2545 437 2605 ergo
453 2527 511 2585 tibi
524 2544 636 2604 parvae
651 2525 829 2586 munuscula
844 2527 977 2602 chortis,

238 2607 347 2683 Qualia
360 2612 387 2669 ai
401 2610 533 2689 recipis,
556 2627 648 2688 saepe
664 2612 854 2690 propinquus
871 2610 943 2672 eris.

603 2743 667 2805 LV.

192 2837 276 2898 Luce
290 2841 549 2919 propinquorum,
572 2861 630 2920 qua
644 2840 775 2920 plurima
788 2840 922 2900 mittitur
936 2836 1018 2913 ales,

235 2923 314 2980 Dum
329 2920 447 2982 Stellae
462 2923 586 3002 turdos,
608 2924 679 2983 dum
694 2924 767 3001 tibi,
786 2920 917 3002 Flacco,
939 2941 1031 3002 paro,

194 3006 340 3065 Occurrit
353 3007 442 3065 nobis
458 3008 567 3085 ingens
583 3025 775 3086 onerosaque
789 3010 895 3084 turba,

235 3089 271 3148 ln
286 3110 345 3168 qua
359 3107 393 3148 se
407 3092 539 3168 primum
555 3094 684 3170 quisque
699 3110 861 3170 meumque
875 3096 971 3171 putat.

173 3173 395 3233 5Demeruiase
411 3172 487 3232 duos
503 3181 604 3234 votum
620 3183 684 3250 est;
707 3174 869 3236 offendere
883 3173 990 3262 plures

236 3259 294 3320 Vix
312 3264 426 3332 tntum;
445 3256 550 3317 multis
562 3259 688 3318 mittere
703 3258 781 3318 dona
795 3277 887 3339 grave
904 3264 963 3320 est.

193 3341 259 3415 Qua
273 3361 397 3422 possum
412 3340 476 3401 sola
491 3342 609 3402 veniam
628 3346 747 3403 ratione
761 3344 922 3406 merebor:

233 3423 298 3486 Nee
314 3426 431 3487 Stellae
446 3425 570 3506 turdos,
590 3445 649 3485 nec
664 3427 738 3507 tibi,
760 3425 890 3507 lt'lacce,
912 3424 1002 3485 dabo.

68 3536 195 3634 Ἰ.
