2370 3840
125 176 188 243 150
446 175 490 237 M.
505 174 596 238 VAL.
611 175 839 237 MARTlALlS

207 331 303 407 Quam
317 325 368 387 vel
383 325 422 386 ad
436 327 565 387 Aetolae
580 346 719 388 securam
734 328 869 409 cuspidis
883 330 963 390 ictus

250 412 364 472 'seruit
376 412 530 471 innumeri
544 410 682 472 lubricus
697 414 805 491 unguis
821 415 904 493 apri:
1014 435 1018 444 ·

185 495 298 561 aliena
312 501 397 555 sorte
411 501 481 573 tua,
503 515 622 556 sacrum
638 498 686 555 cui
701 502 830 576 tangere
844 504 953 577 pectus

247 582 308 641 Fas
324 581 385 639 erit
399 588 432 638 et
445 581 544 639 nostri
559 586 663 640 mente
678 579 781 641 calere
797 579 857 641 dei.

205 666 220 726 l
234 683 335 725 comes
351 671 384 724 et
396 682 521 742 magnos
535 663 643 724 illoesa
657 683 780 725 merare
794 666 968 746 triumphos

247 747 464 827 Palmataeque
479 747 605 827 ducem,
627 747 683 808 scd
698 751 776 828 cito,
798 748 897 830 redde
912 755 1014 830 togae.

616 882 665 946 III.

209 999 272 1058 Cur
286 1016 348 1056 uon
362 997 451 1057 mitto
469 1016 554 1058 meos
570 999 645 1076 tibi,
667 997 860 1077 Pontiliane,
881 996 1037 1058 libellos?

248 1081 295 1141 Ne
309 1081 384 1139 mihi
398 1087 432 1139 tu
451 1082 571 1161 mittas,
592 1080 785 1158 Pontiliane,
806 1089 885 1144 tuos.

614 1215 666 1277 lV.

206 1327 315 1404 Esset,
337 1327 493 1404 castrice,
515 1346 582 1386 cum
600 1323 674 1386 mali
689 1324 819 1406 coloris,

207 1410 325 1473 Versus
340 1411 479 1470 scribere
492 1412 596 1490 coepit
610 1411 776 1492 Oppianus.

626 1544 665 1606 V.

209 1653 243 1714 Si
257 1652 463 1731 desiderium,
486 1656 616 1732 Caesar,
636 1653 807 1735 populique
821 1661 1006 1735 patrumque

249 1737 391 1816 Respicis
407 1746 440 1797 et
453 1736 561 1797 Latiae
577 1737 687 1815 gaudia
701 1757 775 1798 vera
788 1746 897 1817 togae,

207 1820 317 1882 Redde
334 1820 424 1880 deum
438 1823 518 1880 votis
534 1820 749 1901 poscentibus:
771 1822 890 1883 invidet
902 1823 985 1882 hosti

248 1905 345 1966 Roma
359 1924 428 1984 suo,
447 1906 551 1965 veniat
568 1904 675 1965 laurea
691 1906 786 1967 multa
798 1906 885 1969 licet.

187 1990 381 2053 5'l'errarum
396 1988 551 2049 dominum
564 1992 692 2071 propius
706 1989 791 2051 videt
805 1989 876 2069 ille,
896 1997 1011 2068 tuoque

249 2075 405 2135 Terretur
418 2073 504 2134 voltu
516 2076 664 2135 barbarus
679 2080 712 2135 et
725 2076 848 2136 fruitur.

618 2224 671 2286 Vl.

191 2335 329 2415 ‘Ecquid
342 2336 557 2416 Hyperboreis
572 2334 611 2395 ad
624 2355 681 2397 uos
698 2356 863 2397 conversus
879 2337 915 2396 ab
932 2337 995 2396 oria

248 2421 399 2480 Ausonias
413 2419 601 2480 Caesarium
615 2426 703 2498 parat
716 2423 765 2480 ire
778 2421 864 2480 vias?

209 2504 321 2563 Certus
336 2505 425 2563 abest
437 2508 561 2581 auctor,
584 2501 641 2562 red
656 2523 713 2563 vox
727 2505 927 2575 hocnunciat
942 2502 1056 2563 omnis:

252 2585 355 2647 Credo
370 2588 445 2647 tibi:
466 2605 573 2645 verum
588 2584 710 2664 dicere,
732 2588 842 2664 Fama,
863 2587 953 2648 soles.

188 2670 340 2732 5Publica
354 2671 499 2730 victrices
514 2675 669 2729 testantur
685 2670 794 2748 gaudia
809 2671 950 2749 chartae,

249 2755 364 2815 Martia
375 2752 532 2832 laurigera
546 2753 672 2833 cuspide
686 2755 751 2834 pila
764 2757 873 2816 virent.

207 2838 340 2916 Rursus,
361 2839 410 2915 io,
432 2858 556 2917 magnos
575 2837 684 2898 clamat
697 2841 756 2898 tibi
769 2840 866 2900 Roma
880 2840 1054 2921 triumphos

250 2923 445 3000 Invictusque
460 2929 528 3002 tua,
552 2924 683 2999 Caesar,
707 2925 740 2983 in
755 2926 833 2984 urbe
848 2943 947 2985 sonas.

209 3006 273 3069 Sed
286 3008 346 3066 iam
358 3003 498 3065 laetitiae
513 3026 573 3084 quo
588 3008 630 3067 sit
642 3007 755 3068 fiducia
769 3010 884 3085 maior,

167 3101 201 3153 lo
250 3091 436 3152 Sarmaticae
449 3088 553 3150 laurus
565 3092 694 3152 nuncius
707 3093 775 3173 ipse
789 3095 870 3153 veni.

612 3224 677 3288 Vll.

207 3337 347 3398 Hiberna
362 3336 497 3416 quamvis
510 3336 623 3396 Arctoa
641 3341 674 3395 et
687 3336 773 3396 rudis
788 3336 893 3396 Peuce

206 3421 248 3483 Et
260 3419 442 3500 ungularum
454 3419 596 3503 pulsibus
611 3417 714 3480 calens
729 3421 839 3481 Hister
