2370 3840
160 190 201 256 ιο
316 160 319 168 ’
480 190 526 251 M.
543 187 634 253 van.
650 185 878 249 minumum
954 255 957 262 ,

242 345 297 408 Lis
312 346 391 422 erit,
411 343 531 421 ingenti
546 343 641 402 faciet
656 342 788 401 convitia
803 359 895 400 voce:

201 440 236 493 1o
281 429 360 492 Esse
377 427 478 507 pudor
492 428 591 487 vetuit
604 426 699 485 fortia
712 426 807 485 verba
819 425 904 484 mihi.

121 539 127 549 ·
243 514 349 593 „Ergo
364 511 443 572 nihil
458 510 569 570 nobis“
582 511 686 590 inquis
701 509 896 589 „praestabis
911 508 1072 568 amicus‘l“

285 594 443 675 Quidquid
456 594 605 673 libertus,
627 592 784 671 Candide,
805 611 869 653 non
881 594 1010 672 poterit.

615 727 737 792 XLVII.

242 845 367 924 Capena
381 841 490 923 grandi
504 849 595 923 porta
611 863 670 921 qua
688 840 770 922 pluit
786 847 873 921 gutta

242 928 473 1008 Phrygiumque
489 928 602 989 Matris
616 925 707 988 Almo
724 946 783 1007 qua
796 925 878 986 lavat
891 927 1027 1006 ferrum,

241 1013 442 1073 Horatiorum
460 1032 519 1091 qua
533 1013 614 1071 viret
629 1030 716 1071 sacer
731 1030 854 1090 campus

240 1097 283 1160 Et
301 1117 360 1175 qua
372 1093 478 1177 pusilli
492 1097 596 1155 fervet
608 1095 755 1155 Herculis
769 1096 890 1174 fanum,

222 1180 409 1259 5Faustine,
430 1178 526 1260 plena
538 1179 650 1239 Bassus
664 1181 730 1239 ibat
742 1180 776 1238 in
789 1179 884 1258 reda,

242 1266 356 1325 Omnes
371 1266 455 1325 beuti
469 1266 573 1344 copias
587 1264 715 1323 trahens
730 1264 821 1324 ruris.

240 1347 308 1409 Illic
323 1349 447 1409 videres
459 1349 574 1408 frutice
588 1347 686 1408 uolsiIi
702 1346 806 1408 caules

240 1434 283 1495 Et
296 1439 460 1513 utrumque
474 1452 602 1514 porrum
616 1431 805 1511 seussiquue
817 1430 953 1491 lactucas
1014 1453 1015 1456 ¹

241 1517 397 1595 Pigroque
413 1518 515 1577 ventri
529 1536 592 1576 non
605 1518 732 1578 Inutiles
748 1518 844 1576 betas.

199 1598 308 1663 10Illie
323 1620 467 1659 coronam
480 1601 644 1680 pinguibus
660 1618 782 1678 gravem
797 1597 898 1660 turdis

240 1685 459 1765 Leporemque
473 1682 591 1743 laesum
607 1683 719 1743 Gallici
734 1685 818 1744 canis
833 1682 928 1744 dente

240 1767 446 1848 Nondumque
461 1768 542 1828 victa
553 1765 689 1827 lacteum
703 1768 775 1827 faba
788 1788 925 1849 porcum.

240 1851 305 1912 Nec
319 1852 449 1912 feriatus
463 1854 528 1911 ibat
542 1859 613 1911 ante
629 1871 802 1930 carrucam,
887 1870 888 1874 ’

242 1934 306 1996 Sed
318 1942 385 1996 tuta
398 1937 472 1997 feno
490 1954 599 1996 cursor
612 1955 667 1995 ova
681 1937 835 2016 portabat.

200 2029 233 2084 15
240 2021 359 2082 Urbem
373 2022 501 2101 petebat
516 2019 651 2103 Bassus?
672 2021 764 2080 immo
779 2040 832 2080 rus
846 2022 920 2080 ibat.

611 2155 745 2217 XLVIII.

240 2268 390 2350 Pauperis
405 2271 540 2330 extruxIt
554 2268 679 2345 cellam,
701 2266 759 2327 sed
771 2265 913 2328 vendidit
927 2264 1004 2325 Olus

282 2351 431 2413 Praedia:
452 2371 534 2412 nuuc
546 2351 657 2412 cellam
671 2353 817 2432 pauperis
834 2349 912 2410 Olus
926 2351 1029 2412 habet.

620 2498 728 2560 XLIX.

238 2611 412 2674 Veientana
425 2613 501 2672 mihi
515 2613 643 2690 misces,
664 2614 718 2672 ubi
734 2588 868 2673 Massica
880 2621 984 2694 potas:

282 2694 429 2757 Olfacere
443 2698 521 2757 haec
535 2695 616 2757 malo
632 2696 760 2778 pocula,
782 2717 872 2776 quam
885 2699 1004 2758 bibere.

660 2831 694 2893 L.

239 2941 325 2999 Haec
339 2943 415 3021 tibi,
436 2963 498 3004 non
513 2943 590 3023 alia,
610 2953 659 3006 est
674 2944 713 3005 ad
727 2964 834 3006 cenum
846 2965 936 3006 causa
949 2944 1098 3024 vocandi,

279 3024 461 3087 Versiculos
476 3030 591 3088 recites
607 3037 659 3106 ut,
681 3030 846 3108 Ligurine,
867 3036 946 3090 tuos.

237 3108 374 3188 Deposui
389 3108 506 3188 soleas,
527 3114 656 3173 affertur
670 3115 812 3194 protinus
825 3116 936 3192 ingens

279 3192 367 3254 Inter
379 3192 515 3254 lactucas
531 3215 758 3276 oxygarumque
772 3196 863 3258 liber.

216 3275 331 3337 5Alter
345 3279 533 3359 porrigitur,
556 3278 627 3339 dum
642 3280 763 3340 fercula
776 3283 877 3361 prIma
893 3287 1070 3342 morantur:

281 3360 408 3423 Tertius
424 3369 488 3439 est,
510 3382 613 3443 neque
627 3363 727 3425 adhuc
742 3383 848 3424 mensa
861 3364 998 3426 secunda
1012 3364 1108 3426 venit

102 3450 148 3623 ι,
236 3445 278 3505 ut
293 3454 434 3527 quartum
448 3449 562 3509 recitas
577 3459 610 3509 et
625 3449 764 3529 quintum
779 3446 915 3529 deanue
929 3450 1046 3511 broma.
