2370 3840
309 178 650 240 EPlGllAMMATON
663 179 737 241 [ΑΒ.
752 179 775 241 Ι.
1023 177 1066 241 23

105 329 221 392 Procul
235 327 381 390 horridus
395 329 550 388 Liburnus
566 336 599 388 et
614 328 761 407 querulus
777 327 892 412 cliens,

148 415 282 496 imperia
294 411 452 472 uiduarum
465 411 591 493 procul;

61 499 176 566 35Non
190 504 315 577 rumpet
329 494 424 557 altum
438 494 573 575 pallidus
590 514 728 556 somnum
742 515 833 574 reus,

149 581 213 644 Sed
227 599 316 641 mane
330 586 430 641 totum
445 579 589 640 dormies.

106 668 271 730 Mereatur
286 664 364 724 alius
379 662 496 743 grande
511 670 544 724 et
557 665 697 723 insanum
714 665 844 745 sophos:

148 751 306 812 Miserere
321 756 356 809 tu
369 747 509 808 felicium

12 879 19 886 -
105 836 256 914 Veroque
270 834 378 894 fruere
392 853 455 893 non
470 833 622 913 superbus
636 830 763 911 gaudio,

61 928 100 983 40
146 919 227 979 Dum
241 918 320 978 Sura
333 916 475 977 laudatur
490 923 570 978 tuus.

104 1002 176 1064 Non
193 1001 392 1082 impudenter
406 1003 468 1061 vita
483 999 565 1081 qnod
580 999 710 1061 relicum
726 1007 775 1060 est
788 1001 886 1081 petit,

148 1086 228 1147 Cum
239 1087 320 1146 fama
335 1084 417 1164 quod
432 1085 506 1145 satis
526 1091 574 1145 est
588 1085 690 1166 habet.

525 1219 561 1279 L.

106 1332 142 1393 Si
155 1332 214 1391 tibi
228 1327 388 1409 Mistyllos
402 1350 512 1409 cocus,
534 1327 724 1407 Aemiliane,
744 1336 886 1409 vocatur,

151 1415 279 1476 Dicatur
294 1433 388 1493 quare
404 1433 465 1474 non
486 1412 642 1473 Taratalla
657 1413 754 1472 mihi?

525 1546 587 1609 Ll..

106 1662 177 1722 Non
190 1662 266 1741 iecit
284 1659 322 1720 ad
337 1678 444 1720 suevos
458 1661 578 1738 cervix,
592 1661 652 1720 nisi
666 1661 780 1740 prima,
794 1658 913 1722 leones.

150 1744 232 1821 Quid
245 1745 327 1823 fugis
342 1744 399 1804 hos
414 1742 541 1822 dentes,
560 1745 721 1803 ambitiose
736 1741 849 1824 lepus?

106 1827 236 1890 Scilicet
253 1828 401 1906 amugnis
415 1827 454 1888 ad
468 1835 501 1889 te
516 1826 709 1888 descendere
725 1831 822 1889 tauris
858 1876 873 1903 ,

147 1914 190 1974 Et
205 1931 284 1992 quoe
297 1931 360 1971 non
374 1918 504 1972 cernunt
518 1912 664 1992 frangere
679 1910 757 1973 colla
772 1911 859 1976 selis.

86 1995 313 2077 ollesperandu
326 1997 385 2056 tibi
399 2002 448 2056 est
461 1998 597 2076 ingentis
612 1995 713 2075 gloria
727 1997 799 2057 fati:

151 2083 219 2142 Non
234 2085 324 2161 potes
341 2081 401 2140 hoc
415 2082 518 2140 tenuis
532 2079 649 2159 praeda
663 2082 719 2140 snb
735 2082 826 2141 hoste
841 2082 931 2146 mori.

34 2241 65 2290 o
519 2214 580 2273 nn,
649 2256 654 2266 .

109 2324 299 2387 Commendo
313 2327 388 2404 tibi,
411 2327 592 2405 Quintione,
613 2333 738 2388 nostros
757 2362 798 2375 ·-

108 2409 239 2470 Nostros
256 2408 363 2470 dicere
382 2411 408 2469 si
423 2418 526 2471 tomen
539 2409 668 2472 libellos

108 2493 253 2571 Possum,
274 2512 351 2570 quos
364 2496 477 2555 recitat
491 2502 561 2555 tuus
574 2503 668 2577 poeta
681 2518 737 2555 -·:

109 2576 142 2636 Si
159 2576 344 2638 deservitio
361 2579 446 2656 gravi
461 2587 649 2658 queruntur,

84 2662 259 2724 tdssertor
273 2661 379 2721 senius
393 2664 529 2743 satisque
542 2670 699 2744 praestes,

106 2745 165 2823 Et,
187 2764 255 2805 oum
271 2763 305 2804 se
321 2742 475 2805 dominum
491 2747 613 2807 vocabit
626 2745 696 2824 ille,

107 2829 200 2889 Dicas
214 2847 284 2889 esse
298 2847 383 2889 meos
397 2849 548 2910 manuque
564 2831 682 2891 missos.

106 2913 176 2973 lloc
192 2913 219 2972 si
235 2919 348 2990 terque
365 2921 536 2994 quaterque
552 2912 735 2994 clamitatis,

107 2997 252 3078 impones
265 2995 416 3078 plagiario
430 2998 591 3079 pudorem.

507 3147 582 3208 Llil.

107 3258 178 3320 Una
191 3265 242 3319 est
256 3261 290 3320 in
303 3262 419 3319 nostris
433 3266 502 3338 tus,
523 3258 708 3335 Fidentine,
728 3257 847 3319 libellis

107 3341 240 3421 Pagina,
259 3341 317 3404 sed
331 3349 417 3403 certa
431 3342 546 3403 domini
561 3344 680 3421 signatu
693 3343 808 3422 ligura,

106 3426 195 3502 Quse
209 3433 262 3486 tua
274 3424 410 3487 traducit
424 3428 587 3488 manifesto
603 3427 740 3486 carmina
751 3425 852 3487 iurto.

31 3190 61 3271 u
