2370 3840
95 170 155 236 [38
414 172 458 234 Μ.
475 171 566 236 VAL.
583 171 808 232 MAR'IIALIS

179 325 327 385 Omnibus
343 323 480 402 arrides,
502 322 632 384 dicteria
647 322 724 383 dicis
738 325 770 384 in
785 344 908 400 omnes3

220 408 272 468 Sic
287 414 319 468 te
334 408 489 467 convivam
502 425 594 487 posse
608 406 733 487 placere
747 416 845 488 putas.

154 493 222 554 adt
236 493 263 551 si
281 510 338 570 ego
353 511 416 551 non
429 490 529 569 belle,
551 491 607 552 sed
620 509 694 551 vere
711 491 817 553 dixero
835 494 996 573 quiddam,

218 576 315 636 Nemo
331 577 522 656 propinabit,
545 573 736 654 Calliodore‚
755 578 821 638 tibi.

566 709 659 771 XLV.

84 841 87 844 ⁴
176 821 324 899 Lusistis,
346 824 419 882 satis
435 828 500 882 esta
521 821 627 882 lascivi
643 824 750 884 nubite
765 825 872 884 cunnI:

220 905 375 966 Permissa
390 912 438 965 cst
452 907 542 965 nobis
555 926 618 965 non
636 908 696 967 nisi
711 913 793 968 casta
807 908 923 971 Venus.

176 989 264 1049 Haec
278 997 327 1050 est
342 994 425 1050 casta
439 989 568 1052 Venus?
586 991 675 1050 nubit
688 990 833 1052 Laetoria
849 991 973 1072 Lygdo:

220 1073 356 1155 Turpior
370 1092 446 1133 uxor
461 1074 539 1149 erit,
559 1093 648 1153 quam
663 1074 753 1135 modo
768 1076 896 1136 moecha
910 1076 977 1138 Iuit.

557 1208 664 1272 XLVI.

176 1319 311 1400 Vapulat
326 1319 446 1380 assidue
461 1321 565 1380 veneti
579 1319 727 1398 quadriga
739 1319 879 1400 flagello,

219 1401 283 1466 Nec
299 1405 413 1464 currit:
431 1423 568 1484 magnam
582 1423 663 1482 rem,
686 1404 832 1483 Gatiane,
853 1405 937 1467 facis.

554 1537 674 1600 XLVII.

176 1652 331 1731 Nympha,
353 1655 414 1713 mei
429 1651 547 1713 Stellae
563 1671 640 1730 quae
654 1653 742 1713 fonte
757 1651 925 1713 domestica
938 1673 1016 1734 puro

219 1737 345 1796 Laberis
360 1743 393 1796 et
408 1735 524 1796 domini
538 1754 675 1813 gemmea
688 1740 772 1795 tecta
786 1737 886 1814 subis,

179 1820 250 1881 Sive
265 1820 379 1880 Numae
395 1821 527 1879 coniunx
542 1818 667 1879 Triviae
683 1825 714 1878 te
730 1819 813 1879 misit
828 1822 864 1880 ab
879 1821 992 1899 antris,

221 1903 292 1964 Sive
308 1904 509 1964 Camenarum
525 1900 563 1962 de
578 1920 673 1982 grege
688 1922 769 1962 nona
781 1905 882 1964 venis:

154 1983 302 2050 tExolvit
315 1988 394 2046 votis
409 1987 466 2046 hac
480 2004 514 2046 sc
530 1987 588 2047 tibi
601 1987 720 2066 virgine
735 2007 830 2068 porea

218 2072 359 2149 Marcus,
380 2071 524 2131 furtivam
540 2069 622 2150 qnod
637 2073 715 2132 bibit
732 2091 825 2151 aeger
842 2093 957 2153 aquam.

148 2216 151 2222 ,
177 2156 226 2215 Tu
241 2161 387 2215 contenta
401 2174 469 2215 meo
484 2157 544 2216 iam
561 2158 688 2216 crimine
704 2156 813 2234 gandia
826 2158 922 2218 fontis

218 2240 264 2298 Da
278 2259 387 2300 secura
405 2241 466 2299 tui:
489 2242 530 2300 sit
543 2241 618 2300 mihi
633 2260 706 2300 sana
720 2242 796 2302 sitis.

152 2388 169 2460 a
541 2371 672 2434 xnvm.

173 2481 266 2558 Quod
281 2487 341 2543 tam
357 2483 473 2564 grande
489 2484 603 2564 sophos
619 2481 730 2543 clamat
743 2484 800 2543 tibi
816 2486 907 2546 turba
921 2491 1041 2564 togata,

219 2566 288 2626 Non
302 2573 352 2647 tu,
373 2568 539 2648 Pomponi,
562 2584 638 2625 cena
652 2565 768 2628 diserta
781 2573 834 2626 tna
849 2573 914 2631 est.

561 2712 665 2774 XLIX.

177 2827 247 2887 Non
261 2847 327 2887 snm
342 2827 382 2888 de
396 2827 499 2906 fragili
514 2826 635 2888 dolatus
649 2827 749 2907 ulmo,

176 2910 241 2970 Nec
257 2929 334 2988 qnae
349 2917 411 2971 stat
424 2910 525 2989 rigida
539 2913 647 2994 supina
660 2931 752 2991 vena,

176 2994 222 3054 De
237 2993 321 3073 ligno
336 2994 411 3054 mihi
425 2993 564 3074 quolibet
578 2995 717 3057 columna
732 3003 796 3076 est,

177 3077 240 3137 Sed
253 3079 319 3139 viva
335 3084 482 3157 generata
496 3077 534 3138 de
550 3099 712 3161 cupressu:

152 3162 264 3237 §Quae
279 3180 337 3223 nec
351 3160 471 3221 saecula
486 3165 625 3224 centIens
639 3171 781 3244 peracta,

177 3244 242 3306 Nec
255 3244 367 3326 longae
382 3247 495 3306 cariem
510 3248 598 3307 timet
612 3255 766 3311 senectae.

178 3329 266 3389 Hanc
279 3336 330 3409 tn,
353 3331 490 3410 quisquis
506 3350 555 3408 es,
578 3330 724 3410 amalus,
745 3333 863 3393 timeto.

178 3414 255 3474 Nam
269 3415 296 3474 si
308 3413 360 3474 vel
374 3415 514 3474 mInimos
529 3434 618 3475 manu
633 3418 737 3498 rapaci
